1794 3282
556 242 869 278 ΗΡΟΔΟΤΟΥ
899 245 940 277 Δ.
967 243 1066 278 5-8.
1408 234 1490 275 247

135 314 353 372 φερόμενα
387 312 546 368 χρύσεα
584 311 826 368 ποιήματα,
866 309 1049 368 ἄροτρόν
1080 328 1125 355 τε
1162 314 1232 354 καὶ
1265 311 1386 368 ζυγὸν
1422 313 1493 354 καὶ

135 382 316 437 σάγαριν
349 381 420 421 καὶ
458 380 636 436 φιάλην,
675 388 825 422 πεσεῖν
856 378 899 430 ἒς
928 378 1002 436 τὴν
1032 380 1269 436 Σκυθικήν·
1306 382 1377 422 καὶ
1407 384 1492 422 τιῦν

135 449 283 491 ἰδόντα
307 451 481 503 πρῶτον
505 446 577 490 τὸν
603 447 900 501 πρεσβύτατον
926 441 1060 490 ἆσσον
1093 447 1201 490 ἰέναι
1231 447 1492 502 βουλόμενον

135 513 245 558 αὐτὰ
275 516 433 569 λαβεῖν,
465 514 539 558 τὸν
571 514 616 557 δὲ
643 513 801 570 χρυσὸν
833 514 1034 565 ἐπιόντος
1063 519 1285 558 καίεσθαι.
1352 513 1494 558 ἀπαλ-

134 585 371 636 λαχθέντος
392 583 436 625 δὲ
455 583 610 625 τούτου
626 585 855 638 προσιέναι
873 580 946 624 τὸν
961 582 1170 638 δεύτερον,
1193 584 1264 624 καὶ
1283 581 1356 625 τὸν
1371 575 1492 633 αὖτις

133 648 269 693 ταύτὰ
294 653 473 692 ποιέειν.
533 647 633 699 τοὺς
657 650 733 703 μὲν
759 648 808 704 δὴ
835 649 1061 703 καιόμενον
1087 648 1160 692 τὸν
1182 649 1340 705 χρυσὸν
1366 646 1491 692 ἀπώ-

135 721 318 768 σασθαι,
346 720 476 774 τρίτῳ
500 717 545 759 δὲ
564 721 624 772 τῷ
644 716 842 772 νεωτάτῳ
865 715 1100 760 ἐπελθόντι
1119 720 1395 772 κατασβῆναι,
1423 720 1496 758 καί

133 802 206 839 μιν
239 783 395 827 ἐκεῖνον
425 788 602 837 κομίσαι
635 782 677 834 ἔς
710 782 892 826 ἑωυτοῦ·
930 786 1001 826 καὶ
1037 782 1139 835 τοὺς
1174 787 1493 841 πρεσβυτέρους

135 850 377 909 ἀδελφεοὺς
401 850 513 907 πρὸς
537 855 673 893 ταῦτα
699 851 955 906 συγγνόντας
984 850 1059 907 τὴν
1089 853 1316 907 βασιληίην
1348 855 1494 893 πᾶσαν

135 919 408 974 παραδοῦναι
431 922 492 974 τῴ
518 918 731 973 νεωτάτῳ.
793 915 883 960 ἀπὸ
914 919 990 971 μὲν
1022 918 1071 974 δὴ
1098 918 1345 970 Λιποξάιος
1374 933 1495 972 γεγο-

134 991 251 1029 νέναι
274 986 453 1036 τούτους
477 989 561 1027 τιῦν
586 988 793 1027 Σκυθέων
820 987 863 1027 οἳ
885 983 1082 1038 Αὐχάται
1107 989 1226 1041 γένος
1257 986 1492 1036 καλέονται,

136 1052 226 1097 άπὸ
248 1054 294 1096 δὲ
313 1056 390 1095 τοῦ
409 1049 810 1108 μέσουᾏρποξάϊος
825 1054 868 1094 οἳ
886 1056 1100 1108 Κατίαροί
1117 1069 1164 1095 τε
1182 1054 1254 1094 καὶ
1278 1052 1495 1107 Τράσπιες

134 1122 370 1171 καλέονται,
400 1117 489 1162 ἀπὸ
517 1119 563 1161 δὲ
586 1123 664 1161 τοῦ
690 1119 904 1162 νεωτάτου
932 1117 1073 1162 αὐτῶν
1097 1119 1199 1171 τοὺς
1222 1121 1429 1175 βασιλέας
1455 1123 1497 1162 οἳ

134 1189 359 1230 καλέονται
383 1186 660 1243 Παραλάται·
699 1186 900 1240 σύμπασι
927 1187 972 1229 δὲ
1004 1184 1114 1230 εἶναι
1146 1184 1310 1241 οὕνομα
1335 1187 1497 1231 Σκολό-

134 1271 252 1307 τους,
293 1254 548 1299 Σκολότου
585 1258 660 1297 τοῦ
697 1255 900 1308 βασιλέος
937 1253 1202 1312 ἐπωνυμίην·
1238 1255 1415 1306 Σκύθας
1453 1255 1499 1297 δὲ

131 1319 326 1379 Ἕλληνες
346 1319 604 1377 οὖνόμασαν.
641 1325 858 1378 γεγονέναι
876 1326 952 1376 μέν
972 1340 1043 1365 νυν
1064 1327 1201 1380 σφέας
1222 1317 1307 1366 ὧδε
1325 1321 1498 1379 λέγουσι

138 1389 181 1434 οἱ
204 1391 394 1442 Σκύθαι,
430 1390 527 1433 ἔτεα
553 1390 599 1432 δέ
625 1405 723 1446 σφι,
757 1389 901 1433 ἐπείτε
925 1391 1144 1446 γεγόνασι,
1176 1389 1232 1434 τὰ
1264 1391 1497 1445 σύμπαντα

137 1461 309 1514 λέγουσι
335 1456 443 1501 εἶναι
469 1455 558 1500 ἀπὸ
584 1461 659 1499 τοῦ
680 1457 857 1513 πρώτου
877 1457 1080 1512 βασιλέος
1103 1459 1341 1515 Ταργιτάου
1364 1458 1406 1510 ἒς
1423 1457 1497 1514 τὴν

139 1530 323 1581 Δαρείου
358 1525 560 1579 διάβασιν
592 1524 666 1580 τὴν
697 1524 770 1567 ἐπὶ
805 1529 942 1582 σφέας
969 1527 1118 1579 χιλίων
1150 1524 1198 1569 οὗ
1231 1528 1350 1570 πλέω
1390 1525 1498 1568 ἀλλὰ

138 1597 345 1637 τοσαῦτα.
405 1591 478 1635 τὸν
504 1593 549 1635 δὲ
570 1591 728 1647 χρυσὸν
754 1597 904 1635 τοῦτον
934 1592 1007 1636 τὸν
1035 1592 1125 1650 ἱρὸν
1157 1594 1431 1651 φυλάσσουσι
1458 1593 1500 1636 οἱ

138 1662 338 1715 βασιλέες
369 1659 412 1711 ἒς
441 1659 496 1702 τὰ
525 1661 734 1714 μάλιστα,
772 1662 843 1702 καὶ
869 1664 1052 1717 θυσίῃσι
1083 1662 1294 1718 μεγάλῃσι
1327 1661 1500 1704 ἱλασκό-

140 1745 262 1782 μενοι
286 1731 561 1784 μετέρχονται
587 1725 668 1770 ἀνὰ
688 1731 775 1770 πᾶν
795 1727 901 1778 ἔτος.
941 1728 988 1779 ὃς
1008 1726 1110 1771 δ’ἑὶν
1130 1729 1234 1782 ἔχων
1253 1727 1326 1772 τὸν
1342 1728 1500 1785 χρυσὸν

140 1795 215 1839 τὸν
242 1795 332 1851 ἱρὸν
358 1794 400 1838 ἒν
424 1799 474 1852 τῇ
502 1793 602 1853 ὁρτῇ
630 1793 873 1850 ὗπαίθριος
891 1800 1206 1853 κατακοιμηθῇ,
1235 1790 1361 1847 οὗτος
1385 1798 1500 1852 λέγε-

141 1880 213 1906 ται
243 1861 330 1905 ὑπὸ
363 1866 569 1906 Σκυθέων
601 1860 649 1905 οὗ
684 1863 998 1915 διενιαυτίζειν·
1036 1864 1247 1906 δίδοσθαι
1279 1863 1326 1907 δέ
1356 1863 1398 1906 οἱ
1429 1862 1502 1906 διὰ

142 1935 270 1973 τοῦτο
298 1928 381 1973 ὅσα
406 1928 457 1972 ἂν
482 1930 609 1986 ἵππῳ
637 1929 678 1973 ἐν
704 1928 837 1987 ἡμέρῃ
863 1934 940 1987 μιῇ
966 1931 1203 1987 περιελάσῃ
1231 1928 1373 1982 αὐτός.
1427 1935 1501 1986 τῆς

144 1998 189 2040 δὲ
211 1997 354 2053 χώρης
380 1996 533 2052 ἐούσης
556 1998 744 2053 μεγάλης
768 2001 1006 2054 τριφασίας
1030 1997 1108 2048 τὰς
1131 2000 1362 2054 βασιληίας
1386 2006 1502 2041 τοῖσι

142 2066 273 2109 παισὶ
291 2073 409 2107 τοῖσι
428 2064 590 2108 ἑωυτοῦ
609 2066 973 2121 καταστήσασθαι
992 2066 1220 2117 Κολάξαιν,
1247 2068 1319 2108 καὶ
1337 2066 1502 2108 τούτων

141 2136 244 2186 μίαν
274 2135 476 2188 μεγίστην
506 2137 708 2188 ποιῆσαι,
743 2132 785 2175 ἓν
810 2137 859 2189 τῇ
886 2132 959 2176 τὸν
987 2132 1146 2189 χρυσὸν
1178 2133 1501 2190 φυλάσσεσθαι.

142 2198 197 2242 τὰ
224 2200 269 2242 δὲ
294 2199 544 2254 κατύπερθε
569 2199 680 2280 πρὸς
703 2199 857 2257 βορέην
885 2202 1056 2256 λέγουσι
1083 2199 1236 2254 ἄνεμον
1261 2205 1347 2243 τῶν
1372 2198 1504 2256 ὑπερ-

145 2271 272 2309 οίκων
302 2270 377 2322 τῆς
407 2268 546 2323 χώρης
578 2266 653 2310 οὗκ
687 2267 758 2310 οἶά
789 2284 835 2310 τε
868 2266 977 2311 εἶναι
1008 2285 1071 2311 ετι
1101 2271 1366 2324 προσωτέρω
1406 2265 1503 2310 ούτε

145 2332 249 2391 ὁρᾶν
275 2331 372 2376 οὕτε
399 2333 646 2385 διεξιέναι(
625 2334 712 2378 υπὸ
738 2339 908 2390 πτερῶν
933 2338 1189 2389 κεχυμένων·
1227 2338 1396 2391 πτερῶν
1422 2333 1501 2412 γὰρ

145 2402 217 2443 καὶ
240 2399 314 2456 τὴν
338 2404 412 2456 γῆν
435 2394 505 2443 καὶ
532 2400 606 2444 τὸν
632 2400 734 2459 ηέρα
760 2400 870 2445 εἶναι
895 2404 1038 2454 πλεον,
1065 2404 1136 2444 καὶ
1162 2405 1297 2444 ταῦτα
1318 2400 1426 2444 εἶναι
1450 2402 1504 2444 τὰ

147 2466 440 2522 ἀποκληίοντα
464 2485 538 2523 την
565 2465 684 2523 ὄψιν.
1350 2480 1353 2483 “

233 2535 405 2577 Σκύθαι
428 2536 503 2588 μὲν
530 2529 613 2578 ὦδε
640 2533 748 2591 ὑπὲρ
777 2535 921 2592 σφέων
947 2553 992 2578 τε
1015 2534 1155 2578 αὖτιῦν
1173 2539 1242 2579 καὶ
1263 2541 1338 2592 τῆς
1360 2536 1503 2592 χώρης

148 2606 223 2659 τῆς
247 2603 496 2658 κατύπερθε
522 2604 710 2657 λέγουσι,
739 2600 943 2658 Ἑλλήνιον
970 2604 1015 2646 δὲ
1042 2603 1083 2646 οἱ
1107 2603 1180 2646 τὸν
1205 2604 1368 2647 Πόντον
1395 2603 1506 2646 οἰκέ-

151 2686 268 2720 οντες
294 2664 391 2712 ὦδε.
436 2667 639 2726 Ἡρακλέα
667 2669 896 2720 ἐλαύνοντα
920 2669 997 2721 τὰς
1021 2671 1244 2727 Γηρυόνεω
1269 2675 1374 2726 βοῦς
1401 2669 1506 2714 άπι-

151 2741 309 2780 κέσθαι
325 2736 366 2788 ἒς
384 2735 458 2793 τὴν
471 2741 545 2794 γῆν
558 2737 713 2794 ταύτην
730 2737 881 2781 ἐοῦσαν
895 2737 1063 2795 ἐρήμην,
1086 2735 1233 2795 ἥντινα
1251 2743 1320 2782 νῦν
1334 2738 1506 2782 Σκύθαι
