1794 3282
260 508 308 534 125

262 1722 311 1747 126

265 2665 313 2690 12?

332 284 416 324 230
713 288 1025 323 ΗΡΟΔΟΤΟΥ
1053 289 1093 322 Γ.
1120 288 1308 323 124—127.

332 360 493 403 πολλόν
523 376 596 413 μιν
627 357 776 414 χρόνον
806 357 1180 414 παρθενεύεσθαι.
1240 356 1264 412 ἡ
1299 358 1344 400 δὲ
1375 356 1561 414 ἠρήσατο
1598 357 1696 401 ἐπι-

332 426 456 469 τελέα
491 429 627 467 ταῦτα
663 428 888 480 γενέσθαι·
936 425 1181 478 βούλεσθαι
1217 424 1296 481 γὰρ
1334 426 1695 481 παρθενεύεσθαι

336 494 473 550 [πλέω
496 492 668 549 χρόνον]
695 490 722 548 ἢ
746 496 823 535 τοῦ
849 491 1018 547 πατρὸς
1038 491 1314 548 ἐστερῆσθαι.
1352 492 1628 548 Πολυκράτης
1649 494 1695 535 δὲ

331 562 478 617 πάσης
509 561 770 615 συμβουλίης
810 557 1026 615 ἀλογήσας
1063 558 1205 602 ἔπλωε
1242 558 1364 615 παρὰ
1397 558 1472 603 τὸν
1497 558 1692 617 Ὀροίτην,

333 626 423 683 ἅμα
449 626 658 684 ἀγόμενος
684 625 840 678 ἄλλους
864 643 911 669 τε
936 625 1126 676 πολλοὺς
1153 630 1238 669 τῶν
1270 625 1463 683 ἑταίρων,
1500 626 1540 670 ἐν
1572 628 1617 670 δὲ
1643 627 1694 682 δὴ

332 697 404 739 καὶ
440 696 696 751 Δημοκήδεα
737 694 812 738 τὸν
848 695 1160 750 Καλλιφῶντος
1202 695 1503 751 Κροτωνιήτην
1546 692 1692 750 ἄνδρα,

334 764 478 820 ἰητρόν
503 780 548 806 τε
575 762 700 805 ἐόντα
725 765 796 805 καὶ
819 761 893 818 τὴν
918 765 1062 818 τέχνην
1089 759 1297 804 ἀσκέοντα
1323 760 1480 816 ἄριστα
1499 766 1584 805 τῶν
1603 760 1692 805 κατ’

333 828 507 874 ἑωυτόν.
570 827 833 884 ἀπικόμενος
860 830 906 872 δὲ
933 828 974 879 ἐς
999 827 1073 884 τὴν
1098 833 1344 885 Μαγνησίην
1371 827 1392 872 ὃ
1419 830 1696 886 Πολυκράτης

335 898 556 955 διεφθάρη
589 902 746 949 κακῶς,
787 895 884 940 οὔτε
917 896 1079 939 ἑωυτοῦ
1114 895 1245 948 ἀξίως
1278 894 1374 939 οὔτε
1411 901 1496 939 τῶν
1533 895 1695 939 ἑωυτοῦ

335 967 641 1023 φρονημάτων·
680 963 750 1008 ὅτι
779 964 859 1020 γὰρ
890 963 947 1021 μὴ
986 964 1027 1006 οἱ
1057 968 1333 1019 Συρηκοσίων
1368 964 1588 1019 γενόμενοι
1625 964 1698 1006 τύ-

334 1050 491 1091 ραννοι,
516 1031 615 1075 οῦδὲ
637 1032 698 1083 εἷς
718 1037 803 1075 τιῦν
825 1030 1223 1088 ἄλλωνἙλληνικιῦν
1237 1032 1452 1086 τυράννων
1467 1030 1588 1084 ἄξιός
1604 1031 1697 1075 ἐστι

334 1101 603 1156 Πολυκράτεϊ
619 1099 997 1157 μεγαλοπρέπειαν
1019 1101 1273 1155 συμβληθην
1277 1116 1334 1142 αι.
1374 1097 1630 1150 ἀποκτείνας
1651 1099 1699 1142 δέ

333 1187 406 1223 μιν
439 1166 515 1211 οὐκ
546 1166 678 1219 ἀξίως
709 1165 951 1223 ἀπηγήσιος
972 1164 1156 1222 Ὀροίττς
1183 1164 1502 1223 ἀνεσταύρωσε·
1533 1171 1618 1209 τῶν
1652 1166 1699 1209 δέ

337 1237 377 1279 οἱ
403 1235 623 1290 ἑπομένων
645 1232 744 1278 ὅσοι
755 1252 831 1289 μεν
850 1251 958 1291 ησαν
977 1235 1151 1288 Σάμιοι,
1181 1232 1330 1289 ἀπῆκε,
1359 1234 1539 1276 κελεύων
1561 1234 1699 1301 σφέας

337 1303 484 1359 εωυτιῦ
512 1303 637 1357 χάριν
671 1303 830 1345 εἰδέναι
868 1303 1016 1353 εόντας
1054 1301 1330 1357 ἐλευθέροις,
1371 1298 1471 1345 όσοι
1509 1302 1556 1343 δὲ
1590 1303 1698 1358 ᾖσαν

335 1374 467 1423 ξεῖνοί
489 1387 535 1413 τε
560 1372 632 1412 καὶ
658 1370 806 1412 δοῦλοι
831 1374 916 1412 τῶν
943 1368 1175 1423 ἑπομένων,
1206 1368 1247 1411 ἐν
1273 1366 1562 1423 ἀνδραπόδων
1584 1370 1698 1424 λόγῳ

335 1438 591 1492 ποιεύμενος
617 1435 715 1490 εἶχε.
756 1436 1034 1492 Πολυκράτης
1061 1437 1106 1478 δὲ
1132 1434 1478 1490 ἀνακρεμάμενος
1504 1435 1700 1479 ἐπετέλεε

334 1509 482 1549 πᾶσαν
506 1503 580 1561 τὴν
606 1501 711 1558 ὄψιν
736 1508 810 1559 τῆς
836 1503 1075 1559 θυγατρός·
1116 1503 1265 1546 ἐλοῦτο
1290 1504 1366 1556 μὲν
1396 1501 1476 1559 γὰρ
1509 1501 1596 1547 ὑπὸ
1623 1508 1700 1546 τοῦ

334 1573 459 1625 Διός,
493 1568 605 1622 ὅκως
629 1569 719 1623 ὕοι,
755 1570 917 1627 ἐχρίετο
946 1571 991 1613 δὲ·
1016 1568 1103 1614 ὑπὸ
1130 1575 1206 1614 τοῦ
1234 1568 1375 1627 ἡλίου,
1411 1568 1545 1622 ἀνιεὶς
1571 1568 1702 1622 αὐτὸς

336 1639 379 1683 ἐκ
403 1644 479 1683 τοῦ
507 1639 710 1693 σώματος
738 1639 911 1693 ἰκμάδα.

421 1708 721 1763 Πολυκράτεος
762 1708 838 1760 μὲν
883 1705 932 1762 δη
972 1706 1018 1748 αἱ
1059 1707 1221 1749 πολλαὶ
1263 1704 1455 1759 εὐτυχίαι
1493 1705 1535 1757 ἐς
1571 1711 1699 1749 τοῦτο

337 1775 626 1830 ἐτελεύτησαν,
654 1778 705 1832 τῇ
727 1774 767 1817 οἱ
784 1772 958 1828 Ἄμασις
979 1772 1240 1829 ὁΑἷγύπτου
1260 1772 1464 1828 βασιλεὺς
1483 1791 1701 1830 προεμαν-

333 1844 537 1886 τεύσατο·
561 1842 700 1898 χρόνῳ
730 1843 776 1884 δὲ
803 1840 849 1884 οὐ
878 1843 1027 1898 πολλῷ
1054 1838 1231 1897 ὕστερον
1257 1843 1328 1883 καὶ
1350 1839 1534 1897 Ὀροίτην
1560 1844 1701 1885 Πολυ-

335 1910 514 1967 κράτεος
533 1913 669 1960 τίσιες
693 1912 925 1966 μετῆλθον.
962 1908 1072 1963 μετὰ
1096 1908 1176 1964 γὰρ
1202 1908 1275 1952 τὸν
1295 1909 1538 1962 Καμβύσεω
1560 1910 1701 1952 θάνα-

334 1994 408 2020 τον
433 1979 503 2019 καὶ
528 1981 614 2018 τῶν
633 1978 793 2032 Μάγων
818 1976 890 2032 τὴν
915 1978 1142 2032 βασιληίην
1167 1980 1304 2029 μένων
1331 1975 1372 2018 ἒν
1397 1981 1495 2032 τῇσι
1514 1977 1700 2032 Σάρδισι

331 2043 515 2100 Ὀροίτης
547 2041 711 2099 ὠφέλεε
741 2044 816 2096 μὲν
849 2041 971 2085 οῦδὲν
997 2043 1167 2099 Πέρσας
1196 2041 1283 2086 ὑπὸ
1317 2044 1475 2098 Μήδων
1507 2042 1700 2099 ἀπαραι-

336 2115 543 2168 ρημένους
567 2109 640 2165 τὴν
667 2109 815 2166 ἀρχήν·
855 2108 876 2152 ὁ
910 2111 956 2152 δὲ
988 2109 1029 2152 ἓν
1054 2110 1186 2166 ταύτῃ
1219 2115 1269 2166 τῇ
1295 2115 1458 2167 ταραχῇ
1490 2110 1598 2153 κατὰ
1622 2113 1698 2165 μὲν

337 2179 492 2221 ἔκτεινε
522 2178 797 2233 ,Μιτροβάτην
833 2177 906 2220 τὸν
944 2176 986 2219 ἔκ
1019 2179 1283 2220 Δασκυλείου
1323 2174 1532 2234 ὕπαρχον,
1573 2176 1620 2229 ὅς
1657 2179 1699 2221 οἱ

337 2244 532 2289 ὠνείδισε
557 2244 611 2288 τὰ
637 2244 679 2295 ἐς
704 2245 982 2300 Πολυκράτεα
1010 2244 1176 2297 ἔχοντα,
1215 2244 1324 2288 κατὰ
1357 2246 1403 2287 δὲ
1434 2250 1509 2288 τοῦ
1536 2253 1698 2300 Μιτρο-

335 2314 478 2368 βάτεω
510 2311 583 2355 τὸν
614 2313 755 2355 παῖδα
787 2313 1063 2368 Κρανάσπην,
1099 2310 1257 2367 άνδρας
1289 2329 1330 2356 εν
1360 2312 1553 2369 Πέρσησι
1584 2314 1699 2357 δοκί-

335 2397 460 2435 μους,
497 2378 606 2422 άλλα
630 2397 676 2422 τε
703 2379 900 2436 εξύβρισε
926 2388 1134 2429 παντοῖα,
1168 2384 1240 2422 καί
1263 2397 1359 2423 τινα
1386 2378 1699 2438 ἀγγελιηφόρον

337 2451 523 2504 Δαρείου
557 2447 744 2491 ελθόντα
775 2446 877 2503 παρ’
903 2446 1057 2528 αῦτόνέ
1087 2446 1146 2498 (ὃς
1177 2446 1225 2490 οὗ
1258 2446 1369 2504 πρὸς
1393 2446 1548 2505 ηδονήν
1580 2466 1621 2492 οι
1652 2450 1700 2504 ἠν

335 2515 390 2559 τὰ
416 2514 722 2572 ἀγγελλόμενα,
755 2520 908 2558 κτείνει
932 2533 1005 2569 μιν
1037 2513 1182 2558 ὀπίσω
1216 2516 1507 2570 κομιζόμενον,
1543 2513 1701 2572 ἄνδρας

339 2583 381 2626 οἱ
410 2581 596 2633 ὑπείσας
626 2581 714 2625 κατ’
739 2580 858 2634 ὁδόν,
898 2581 1155 2634 ἀποκτείνας
1187 2583 1234 2625 δέ
1263 2601 1335 2637 μιν
1366 2581 1551 2640 ἠφάνισε
1583 2581 1701 2639 αὐτῷ

337 2652 480 2706 ἵππῳ.
542 2658 725 2706 Δαρεῖος
762 2651 809 2693 δὲ
846 2648 904 2701 ὥς
942 2650 1036 2704 ἔσχε
1072 2650 1147 2706 τὴν
1185 2648 1332 2707 ἀρχήν,
1372 2650 1591 2704 ἐπεθύμεε
1626 2650 1700 2693 τὸν

334 2717 517 2775 Ὀροίτην
542 2721 758 2760 τίσασθαι
783 2718 958 2760 πάντων
982 2734 1028 2760 τε
1052 2722 1137 2761 τῶν
1158 2716 1434 2773 ἀδικημάτων
1455 2718 1606 2760 εἵνεκεν
1629 2719 1700 2760 καὶ

338 2786 528 2840 μάλιστα
547 2785 829 2842 Μιτροβάτεω
850 2786 919 2828 καὶ
939 2789 1017 2828 τοῦ
1037 2786 1211 2837 παιδός.
1251 2785 1293 2828 ἐκ
1311 2787 1387 2840 μὲν
1415 2787 1460 2828 δὲ
1479 2789 1552 2840 τῆς
1575 2785 1699 2840 ἰθέης
