1794 3282
485 253 802 288 HPOAOTOT
831 254 870 287 Γ.
898 252 1088 288 150—154.
1388 243 1470 285 241

105 322 131 367 δ’
149 341 194 366 τε
207 322 358 379 Μάγος
377 316 476 379 ἦρχε
496 324 567 365 καὶ
587 321 630 364 οἱ
649 321 760 365 ἑπτὰ
782 321 1088 378 ἐπανέστησαν,
1119 321 1160 365 ἐν
1179 321 1320 378 τούτῳ
1340 324 1472 365 παντὶ

105 395 167 447 τῷ
197 391 336 447 χρόνῳ
369 392 438 433 καὶ
470 394 521 447 τῇ
553 396 717 449 ταραχῇ
749 390 792 442 ἐς
822 390 895 447 τὴν
921 393 1174 447 πολιορκίην
1204 389 1474 447 παρεσκευά-

107 460 226 502 δατο.
286 462 360 501 καί
389 475 474 510 κως
504 463 641 501 ταῦτα
672 463 896 510 ποιεῦντες
934 458 1187 501 ἐλάνθανον.
1250 457 1394 501 ἐπείτε
1427 457 1473 500 δὲ

107 526 151 569 ἐκ
175 531 253 569 τοῦ
279 526 494 583 ἐμφανέος
520 524 781 583 ἀπέστησαν,
818 526 1029 583 ἐποίησαν
1059 526 1248 569 τοιόνδε·
1284 524 1363 576 τὰς
1392 543 1474 582 μη-

105 598 234 650 τέρας
259 593 484 647 ἐξελόντες,
512 603 692 651 γυναῖκα
718 594 896 646 ἕκαστος
921 599 1024 649 μίαν
1044 595 1380 650 προσεξαιρέετο
1400 592 1473 649 τὴν

107 661 308 717 ἐβούλετο
341 661 385 705 ἐκ
414 666 500 705 τιῦν
533 661 696 705 ἑωυτοῦ
729 662 886 714 οἰκίων,
920 661 999 712 τὰς
1030 663 1076 705 δὲ
1107 662 1266 713 λοιπὰς
1297 659 1474 711 ἁπάσας

108 730 419 786 συναγαγόντες
445 729 707 783 ἀπέπνιξαν·
738 729 814 786 τὴν
841 731 887 772 δὲ
911 734 1014 784 μίαν
1041 729 1220 781 ἕκαστος
1245 728 1473 773 σιτοποιὸν

109 796 345 854 ἐξαιρέετο·
379 796 622 851 ἀπέπνιξαν
649 799 695 841 δὲ
721 796 874 850 αὐτάς,
903 798 973 840 ἵνα
997 799 1055 855 μή
1085 815 1230 855 σφεων
1255 797 1329 840 τὸν
1355 806 1474 840 σῖτον

108 863 455 920 ἀναισιμώσωσι.
506 867 762 920 πυθόμενος
789 867 834 908 δὲ
859 870 997 909 ταῦτα
1023 864 1044 909 ὃ
1066 872 1251 922 Δαρεῖος
1276 867 1348 907 καὶ
1374 867 1473 907 συλ-

107 936 232 986 λέξας
257 938 403 977 πᾶσαν
428 934 502 990 τὴν
529 933 691 976 ἑωυτοῦ
719 934 898 987 δύναμιν
925 933 1203 989 ἐστρατεύετο
1225 930 1472 983 ἐπάὗτούς,

109 1001 328 1053 ἐπελάσας
354 1002 399 1045 δὲ
425 1001 500 1044 ἐπὶ
524 1001 598 1057 τὴν
623 1003 865 1056 Βαβυλῶνα
891 1000 1142 1057 ἐπολιόρκεε
1168 1001 1474 1058 φροντίζοντας

108 1067 232 1112 οῦδὲν
263 1074 338 1126 τῆς
369 1071 635 1126 πολιορκίης.
698 1068 1001 1122 ἀναβαίνοντες
1031 1067 1111 1125 γὰρ
1140 1067 1214 1111 ἐπὶ
1239 1067 1340 1118 τοὺς
1365 1084 1475 1124 προ-

106 1141 330 1191 μαχεῶνας
367 1141 444 1180 τοῦ
480 1140 644 1190 τείχεος
681 1137 724 1179 οἱ
758 1134 1034 1191 Βαβυλώνιοι
1075 1139 1366 1191 κατωρχέοντο
1405 1138 1477 1178 καὶ

107 1208 412 1248 κατέσκωπτον
443 1212 627 1260 Δαρεῖον
657 1206 729 1247 καὶ
759 1204 833 1261 τὴν
872 1203 1074 1261 στρατιὴν
1111 1202 1264 1255 αὐτοῦ,
1288 1207 1377 1246 -καί
1411 1220 1476 1254 τις

109 1271 251 1315 αὐτῶν
289 1270 386 1315 εἶπε
421 1277 551 1316 τοῦτο
589 1272 639 1316 τὸ
679 1272 798 1324 ἔπος.
848 1270 924 1315 “u‘
954 1273 1150 1329 κάτησθε
1189 1271 1400 1323 ἐνθαῦτα,
1441 1265 1475 1313 ὦ

108 1344 286 1398 Πέρσαι,
311 1338 488 1384 ἀλλὀὐκ
503 1338 870 1394 ἇπαλλάσσεσθε,·
896 1341 994 1384 τότε
1013 1339 1092 1397 γὰρ
1115 1340 1314 1396 αἱρήσετε
1328 1337 1474 1396 ἡμέας,

111 1407 241 1451 ἐπεὰν
266 1406 439 1464 ἡμίονοι
462 1406 658 1451 τέκωσι.”
709 1413 837 1451 τοῦτο
865 1406 961 1451 εἷπε
986 1413 1071 1450 τιῦν
1095 1425 1162 1458 τις
1186 1410 1476 1462 Βαβυλωνίων

112 1474 284 1530 οὐδαμὰ
311 1475 495 1528 ἐλπίζων
522 1474 572 1519 ἂν
596 1474 774 1533 ἡμίονον
799 1484 946 1518 τεκεῖν.
1008 1474 1120 1519 ἑπτὰ
1153 1476 1199 1518 δὲ
1229 1479 1374 1531 μηνῶν
1406 1477 1475 1518 καὶ

113 1543 310 1588 ἐνιαυτοῦ
344 1545 654 1600 διεληλυθότος
684 1542 765 1601 ἤδη
800 1542 821 1587 ὃ
850 1544 1035 1599 Δαρεῖός
1065 1560 1111 1586 τε
1142 1540 1326 1598 «ἤσχαλλε
1356 1545 1427 1585 καὶ
1453 1541 1477 1599 ἡ

114 1611 292 1669 στρατιὴ
319 1616 444 1655 πᾶσα
469 1610 518 1655 οὗ
547 1611 701 1668 δυνατὴ
736 1611 866 1654 ἐοῦσα
899 1611 1008 1654 ἑλεῖν
1032 1609 1134 1662 τοὺς
1159 1613 1478 1666 Βαβυλωνίους.

112 1685 256 1724 καίτοι
280 1681 425 1723 πάντα
451 1684 706 1737 σοφίσματα
730 1682 800 1722 καὶ
826 1680 974 1731 πάσας
998 1678 1189 1735 μηχανὰς
1221 1678 1480 1735 ἐπεποιήκεε

114 1748 156 1799 ἐς
195 1746 351 1799 αὐτοὺς
389 1756 593 1805 Δαρεῖος·
638 1746 726 1790 ἀλλ’
750 1745 844 1790 οῦδ)
869 1747 927 1798 ὣς
965 1747 1142 1790 ἐδύνατο
1180 1746 1289 1790 ἑλεῖν
1327 1763 1477 1804 σφεας,

114 1814 288 1859 ἄλλοισί
311 1832 357 1859 τε
384 1820 631 1872 σοφίσμασι
650 1816 979 1871 πειρησάμενος,
1008 1817 1079 1858 καὶ
1100 1815 1149 1871 δὴ
1171 1817 1241 1858 καὶ
1261 1819 1321 1871 τῷ
1340 1819 1482 1871 Κῦρος

115 1884 203 1927 εἷλέ
228 1900 384 1941 σφεας,
418 1886 491 1926 καὶ
514 1884 654 1940 τούτῳ
682 1883 918 1941 ἐπειρήθη·
952 1882 1061 1925 ἀλλὰ
1085 1882 1165 1939 γὰρ
1198 1884 1349 1933 δεινῶς
1374 1877 1481 1938 ἦσαν

114 1952 157 1995 ἐν
183 1954 402 2009 φυλακῇσι
429 1951 471 1994 οἱ
494 1952 780 2005 Βαβυλώνιοι,
811 1948 911 1994 ούδέ
936 1967 1074 2007 σφεας
1100 1949 1193 2001 οἶός
1216 1967 1262 1993 τε
1284 1944 1332 2007 ἦν
1359 1949 1481 1993 ἑλεῖν.

114 2019 307 2062 ἐνθαῦτα
333 2019 514 2075 εἰκοστῷ
538 2021 639 2076 μηνὶ
664 2019 864 2075 Ζωπύρῳ
890 2023 951 2075 τῷ
971 2019 1224 2075 Μεγαβύζου
1250 2018 1407 2061 τούτου
1435 2017 1482 2069 ὃς

113 2093 198 2131 τιῦν
219 2086 332 2131 ἑπτὰ
353 2085 518 2142 ἀνδρῶν
539 2086 702 2143 ἐγένετο
722 2091 806 2130 τῶν
825 2085 898 2129 τὸν
917 2087 1067 2144 Μάγον
1086 2087 1362 2138 κατελόντων,
1384 2087 1485 2129 τού-

114 2172 191 2199 του
223 2160 299 2198 τοῦ
331 2156 583 2211 Μεγαβύζου
617 2156 747 2198 παιδὶ
779 2155 979 2212 Ζωπύρῳ
1013 2155 1175 2211 ἐγένετο
1208 2158 1333 2211 τέρας
1363 2155 1483 2198 τόδε·

116 2229 202 2267 τῶν
234 2224 277 2267 οἱ
308 2224 558 2281 σιτοφόρων
590 2221 780 2279 ἡμιόνων
810 2227 891 2277 μία
922 2223 1049 2266 ἔτεκε.
1112 2221 1170 2274 (ὃς
1208 2224 1256 2266 δέ
1287 2223 1329 2265 οἱ
1366 2221 1485 2278 ἐξηγ-

116 2293 252 2348 γέλθη
279 2293 351 2333 καὶ
376 2289 447 2333 ὑπ’
466 2289 673 2347 ἀπιστίης
699 2289 831 2342 αὐτὸς
851 2289 874 2334 ὁ
895 2291 1108 2348 Ζώπυρος
1129 2288 1215 2333 εἶδε
1235 2289 1284 2333 τὸ
1305 2292 1480 2345 βρέφος,

119 2357 316 2409 ἀπείπας
340 2366 457 2401 τοῖσι
484 2359 680 2401 δούλοισι
705 2359 857 2414 μηδενὶ
883 2359 1062 2414 φράζειν
1087 2357 1136 2400 τὸ
1162 2355 1335 2413 γεγονὸς
1362 2355 1485 2410 ἐβου-

119 2427 280 2469 λεύετο.
323 2429 396 2468 καί
422 2425 463 2468 οἱ
488 2424 599 2481 πρὸς
624 2424 678 2468 τὰ
702 2430 778 2468 τοῦ
804 2427 1082 2480 Βαβυλωνίου
1111 2425 1293 2482 ῥήματα,
1323 2423 1370 2483 ὃς
1394 2421 1481 2466 κατ’

120 2492 254 2551 ἀρχὰς
286 2493 438 2550 ἔφησε,
473 2493 690 2550 ἐπεάνπερ
721 2491 892 2549 ἡμίονοι
922 2496 1096 2542 τέκωσι,
1134 2492 1233 2535 τότε
1264 2490 1312 2534 τὸ
1344 2500 1485 2544 τεῖχος

121 2561 393 2612 ἁλώσεσθαι,
422 2560 533 2616 πρὸς
558 2561 714 2617 ταύτην
732 2560 807 2617 τὴν
828 2561 973 2617 φήμην
992 2561 1190 2615 Ζωπύρῳ
1213 2558 1355 2602 ἐδόκεε
1377 2557 1485 2601 εἶναι

122 2628 346 2683 ἁλώσιμος
370 2626 394 2685 ἡ
416 2628 645 2682 Βαβυλών·
673 2627 748 2671 σὺν
772 2626 852 2684 γαρ
881 2633 972 2684 θεῷ
1001 2627 1159 2670 ἐκεῖνόν
1184 2643 1230 2670 τε
1256 2626 1395 2670 εἰπεῖν
1414 2629 1485 2669 καὶ

122 2697 270 2753 ἑωυτῷ
290 2705 424 2739 τεκεῖν
444 2695 518 2752 τὴν
539 2694 725 2752 ἡμίονον.
763 2694 829 2747 ’ὥς
851 2697 897 2738 δέ
916 2696 957 2738 οἱ
978 2695 1121 2739 ἐδόκεε
1140 2696 1356 2752 μόρσιμον
1377 2692 1486 2738 εἶναι

123 2764 202 2821 ἤδη
229 2769 280 2821 τῇ
305 2766 533 2818 Βαβυλῶνι
560 2762 838 2816 ἁλίσκεσθαι,
873 2762 1136 2820 προσελθων
1163 2767 1348 2820 Δαρείου
1376 2761 1486 2805 άπε-

190 2832 322 2859 Herodoti
339 2833 385 2859 ιὀῖ.
402 2833 421 2859 I.
1193 2831 1236 2865 16

1501 877 1548 902 151

1505 1488 1552 1512 1:32

1509 2031 1557 2056 153

1511 2707 1559 2733 154
