1794 3282
505 273 821 309 ΗΡΟΔΟΤΟΥ
851 275 894 309 Δ.
921 275 1112 312 154—156.
1413 266 1492 307 301

127 340 399 398 παραλαβών
426 341 499 384 ἐπὶ
527 343 662 394 ξείνια
688 342 858 401 ἐξορκοῖ
880 338 906 400 ἦ
929 348 1007 399 μέν
1033 345 1076 388 οἱ
1107 345 1373 402 διηκονήσειν
1404 342 1430 389 ὅ
1453 362 1495 388 τι

124 405 178 450 ἂν
204 409 358 466 δεηθῇ.
397 407 544 452 ἐπείτε
570 411 617 453 δὲ
643 409 878 468 ἐξώρκωσε,
908 410 1078 468 ἀγαγών
1099 413 1142 455 οἵ
1161 414 1404 469 παραδιδοῖ
1421 412 1498 470 τὴν

124 475 289 518 ἑωυτοῦ
310 481 546 535 θυγατέρα,
568 480 639 520 καὶ
659 479 815 534 ταύτην
837 478 999 522 ἐκέλευε
1021 485 1359 524 καταποντῶσαι
1380 478 1498 524 ἀπα-

122 544 324 599 γαγόντα.
387 542 409 587 ὃ
450 545 496 587 δὲ
529 549 724 599 Θεμίσων
761 548 1110 603 περιημεκτήσας
1146 552 1197 604 τῇ
1236 546 1383 605 ἀπάτῃ
1420 552 1497 591 τοῦ

124 607 272 667 ὅρκου,
313 612 629 666 διαλυσάμενος
659 612 733 668 τὴν
770 615 926 670 ξεινίην
964 613 1109 657 ἐποίεε
1146 616 1315 658 τοιάδε·
1352 633 1498 671 παρα-

123 678 269 733 λαβὼν
293 678 368 735 τὴν
394 680 535 722 παῖδα
561 679 775 732 ἐπέπλωε,
804 679 865 732 ὥς
890 682 936 724 δὲ
962 681 1122 737 ἐγίνετο
1151 682 1192 726 ἐν
1216 687 1279 739 τῷ
1299 684 1492 739 πελάγεϊ,

124 745 443 800 ἀποσιεύμενος
479 746 553 804 τὴν
591 746 822 805 ἐξόρκωσιν
859 754 937 792 τοῦ
971 748 1217 806 Ἐτεάρχου,
1264 755 1496 804 σχοινίοισι

124 812 255 871 αὐτὴν
276 815 488 871 διαδήσας
507 819 661 872 κατῆκε
682 815 724 867 ἐς
744 816 793 859 τὸ
815 819 1015 872 πέλαγος,
1040 815 1302 869 ἀνασπάσας
1323 820 1369 861 δὲ
1390 817 1497 862 ἀπί-

121 898 218 925 κετο
245 881 288 933 ἐς
313 881 388 938 τὴν
411 883 560 939 Θήρην.
602 882 800 926 ἐνθεῦτεν
827 885 871 926 δὲ
893 884 966 941 τἠν
989 890 1202 941 Φρονίμην
1228 885 1496 940 παραλαβὼν

121 950 447 1006 Πολύμνηστος,
483 949 562 993 ἐὼν
594 955 680 993 τιῦν
708 956 902 1008 Θηραίων
940 950 1042 1008 ἀνὴρ
1077 953 1272 1007 δόκιμος,
1307 953 1496 997 ἐπαλλα-

120 1018 282 1060 κεύετο.
342 1018 497 1074 χρόνου
537 1018 584 1060 δὲ
615 1020 864 1074 περιιόντος
902 1019 1112 1075 ἐξεγένετό
1153 1021 1193 1064 οἵ
1231 1029 1340 1072 παῖς
1377 1021 1495 1074 ἶσχό-

120 1101 267 1142 φωνος
287 1087 358 1128 καὶ
375 1085 572 1142 τραυλός,
600 1089 661 1141 τῷ
683 1083 848 1139 οὕνομα
869 1086 998 1143 ἐτέθη
1019 1088 1199 1138 Βάττος,
1230 1086 1289 1138 ὥς
1311 1092 1493 1145 Θηραῖοί

118 1169 166 1195 τε
190 1155 262 1196 καὶ
281 1160 520 1208 Κυρηναῖοι
545 1154 730 1208 λέγουσι,
760 1150 819 1203 ώς
842 1153 991 1206 μέντοι
1018 1153 1099 1209 ἐγώ
1129 1155 1276 1206 δοκέω,
1305 1154 1410 1198 ἄλλο
1430 1169 1493 1198 τι·

119 1221 288 1272 Βάττος
308 1221 354 1263 δὲ
372 1220 725 1276 μετουνομάσθη,
755 1219 899 1263 ἐπείτε
921 1219 962 1271 ἐς
981 1222 1148 1277 Λιβύην
1175 1220 1371 1274 ἀπίκετο,
1401 1220 1491 1265 ἀπό

119 1305 167 1331 τε
191 1293 268 1331 τοῦ
297 1285 559 1345 χρηστηρίου
592 1292 667 1330 τοῦ
698 1291 924 1343 γενομένου
959 1287 1002 1331 ἐν
1027 1291 1244 1346 Δελφοῖσι
1276 1287 1394 1346 αύτῷ
1426 1292 1497 1332 καὶ

122 1355 212 1399 ἀπὸ
232 1360 308 1412 τῆς
326 1359 454 1412 τιμῆς
472 1354 548 1411 τὴν
563 1355 658 1408 ἔσχε
672 1355 746 1412 τὴν
761 1355 1008 1413 ἐπωνυμίην
1030 1357 1308 1411 ποιεύμενος·
1334 1361 1497 1412 Λίβυες

119 1424 201 1481 γὰρ
232 1425 416 1477 βασιλέα
439 1424 599 1477 βάττον
630 1425 850 1475 καλέουσι,
890 1426 958 1466 καὶ
986 1425 1140 1467 τούτου
1172 1425 1328 1468 εἵνεκεν
1360 1426 1494 1467 δοκέω

120 1491 422 1543 θεσπίζουσαν
458 1490 534 1546 τὴν
565 1494 738 1546 Πυθίην
774 1492 954 1534 καλέσαι
989 1509 1064 1545 μιν
1100 1497 1269 1550 Λιβυκῇ
1305 1493 1493 1550 γλώσσῃ,

122 1560 287 1603 εἰδυῖαν
314 1557 373 1609 ὥς
391 1557 597 1612 βασιλεὺς
619 1558 741 1601 ἔσται
762 1558 803 1601 ἐν
823 1559 982 1616 Λιβύῃ.
1023 1558 1167 1603 ἐπείτε
1186 1559 1267 1616 γὰρ
1288 1559 1494 1617 ἠνδρώθη

122 1621 266 1679 οὗτος,
299 1620 412 1684 ἦλθε
445 1625 487 1677 ἐς
513 1625 713 1683 Δελφοὶ-ς
744 1628 847 1683 περὶ
877 1631 953 1683 τῆς
985 1631 1152 1684 φωνῆς·
1191 1627 1497 1684 ἐπειρωτέοντι

122 1696 170 1738 δέ
196 1695 238 1738 οἱ
259 1699 343 1752 χρᾷ
368 1692 392 1751 ἡ
420 1698 568 1750 Πυθίη
595 1695 712 1737 τάδε.

177 1761 323 1815 Βάττ’,
353 1762 428 1805 ἐπὶ
454 1761 601 1819 φωνὴν
626 1756 780 1819 ἦλθες·
814 1760 922 1814 ἄναξ
946 1762 993 1805 δέ
1019 1779 1066 1805 σε
1096 1766 1255 1817 Φοῖβος
1275 1761 1494 1806 Ἀπόλλων

179 1831 222 1882 ἐς
246 1831 414 1887 Λιβύην
441 1834 609 1884 πέμπει
633 1831 913 1887 μηλοτρόφον
940 1830 1176 1887 οἰκιστῆρα,

122 1897 273 1957 ὥσπερ
311 1898 350 1942 εἰ
387 1899 508 1941 εἴποι
539 1896 711 1941 εΕλλάδι
746 1898 919 1955 γλώσσῃ
955 1902 1160 1955 χρεομένη
1209 1893 1262 1940 (ὦ
1299 1901 1492 1953 βασιλεῦ,

123 1967 198 2011 ἐπὶ
220 1966 378 2025 ,φωνὴν
408 1960 584 2022 ἧλθες.”
643 1963 665 2008 ὃ
693 1963 733 2007 δ’
751 1964 956 2020 ἀμείβετο
986 1967 1166 2009 τοισίδε.
1212 1960 1377 2018 ε(ὦναξ,
1413 1966 1496 2022 ἐγώ

120 2037 198 2090 μὲν
228 2030 368 2092 ἦλθον
399 2032 522 2089 παρὰ
555 2033 602 2075 σὲ
630 2034 897 2089 χρησόμενος
927 2035 1030 2089 περὶ
1060 2038 1137 2090 τῆς
1168 2039 1333 2091 φωνῆς,
1369 2034 1420 2077 σὺ
1450 2035 1497 2077 δέ

120 2121 198 2159 μοι
223 2100 332 2146 ἄλλα
359 2100 552 2144 ἀδύνατα
573 2105 697 2158 χρᾷς,
731 2102 915 2144 κελεύων
940 2101 1106 2157 Λιβύην
1139 2100 1380 2155 ἀποικίζειν
1410 2107 1494 2159 τέῳ

123 2171 294 2225 δυνάμι,
326 2173 422 2226 κοίῃ
451 2167 615 2226 χειρί,·”
655 2173 793 2211 ’ταῦτα
824 2171 958 2225 λέγων
991 2167 1084 2211 ούκὶ
1117 2168 1274 2212 ἔπειθε
1312 2168 1422 2213 ἄλλα
1454 2171 1496 2213 οἱ

119 2243 246 2295 χρᾶν·
274 2236 334 2288 ὥς
361 2238 407 2279 δὲ
426 2236 535 2279 κατὰ
554 2235 690 2279 ταύτὰ
713 2236 923 2289 ἐθέσπιζέ
943 2237 985 2279 οἱ
1004 2239 1075 2279 καὶ
1099 2238 1325 2294 πρότερον,
1355 2239 1494 2291 οἴχετο

123 2304 283 2362 μεταξὺ
311 2303 546 2347 ἀπολιπὼν
573 2302 595 2345 ὃ
620 2304 788 2354 Βάττος
815 2304 857 2354 ἐς
882 2304 954 2360 τὴν
982 2304 1132 2360 Θήρην.
1176 2304 1286 2357 μετὰ
1307 2305 1354 2346 δὲ
1377 2303 1493 2361 αι’-τῷ

122 2392 170 2418 τε
194 2374 334 2429 τούτῳ
360 2373 432 2414 καὶ
456 2380 574 2414 τοῖσι
600 2368 772 2414 ἄλλοισι
799 2376 1027 2428 Θηραίοισι
1054 2375 1312 2428 συνεφέρετο
1337 2375 1496 2428 παλιγ-

123 2443 280 2493 κότως·
313 2439 558 2496 ἀγνοεῦντες
585 2439 631 2481 δὲ
655 2437 733 2489 τὰς
759 2438 989 2495 συμφορὰς
1015 2439 1057 2481 οἱ
1085 2445 1264 2494 Θηραῖοι
1298 2439 1496 2494 ἔπεμπον

125 2511 169 2562 ἐς
194 2507 393 2566 Δελφοὺς
418 2508 519 2563 περὶ
543 2510 628 2548 τῶν
653 2507 905 2562 παρεόντων
930 2511 1081 2549 κακῶν.
1126 2504 1149 2562 ἦ
1180 2508 1225 2549 δὲ
1243 2512 1392 2565 Πυθίη
1414 2524 1497 2565 σφι

125 2579 276 2635 ἐ’χρησε
308 2575 580 2632 συγκτίζουσι
604 2575 759 2630 Βάττῳ
792 2576 985 2632 Κυρήνην
1016 2579 1092 2631 τῆς
1123 2576 1292 2631 Λιβύης
1323 2573 1498 2630 ἄμεινον

97 2646 99 2648 ’
126 2647 317 2702 πρήξειν.
368 2641 632 2686 ἀπέστελλον
657 2642 766 2696 μετὰ
792 2647 928 2686 ταῦτα
952 2642 1026 2686 τὸν
1051 2643 1221 2686 Βάττον
1248 2643 1290 2686 οἱ
1317 2649 1496 2700 Θηραῖοι

127 2714 205 2756 δύο
232 2710 619 2768 πεντηκοντέροισι.
657 2711 910 2762 πλώσαντες
936 2712 982 2754 δὲ
1009 2711 1051 2762 ἒς
1075 2710 1149 2767 τὴν
1168 2712 1333 2767 Λιβύην
1359 2706 1495 2764 οὗτοι,

129 2779 177 2825 οὗ
204 2779 284 2837 γὰρ
312 2778 423 2833 εἶχον
450 2776 476 2823 ὅ
499 2796 542 2822 τι
567 2782 755 2823 ποιέωσι
783 2778 899 2833 ἄλλο,
929 2778 1074 2823 ὀπίσω
1096 2777 1432 2824 ἀπαλλάσσοντο
1454 2780 1498 2832 ἐς

1193 1896 1203 1912 t

1522 900 1571 925 155

1521 2319 1570 2344 156
