1794 3282
487 220 580 247 VITA
605 221 655 245 ET
681 219 854 246 SCRIPTIS
882 219 1182 246 COMMENTATIO.

106 294 318 341 primarium
335 293 509 327 historiae
525 297 560 328 ct
573 294 822 339 geographiae

107 339 240 374 veteris
258 339 396 373 fontem
412 342 511 373 recte
529 339 669 373 haberi.

153 384 283 419 Restat
299 387 350 428 ut,
369 385 465 428 quod
480 395 588 429 supra
601 385 731 419 leviter
743 395 822 429 per-

108 429 237 464 strinxi
253 432 363 474 atque
381 429 505 474 attigi,
529 429 600 462 iam
619 430 824 464 accuratius

138 476 392 514 erscrutemur,
433 484 527 517 quae
560 474 651 509 fides
685 475 731 509 sit
761 475 824 509 ha-

108 487 230 554 benda
238 519 390 564 singulis
398 519 575 553 Herodoti
588 520 702 563 libris,
711 519 824 554 Grae-

109 565 180 609 cis,
202 564 380 608 Persicis,
412 564 591 610 Assyriis,
616 565 825 610 Aegyptiis,

109 610 273 655 Libycis,
291 609 436 644 Indicis.
476 611 594 651 Quam
617 610 663 643 ad
680 621 754 644 rem
774 610 824 643 di—

108 655 344 689 iudicandam
367 655 403 689 in
422 655 530 689 fidem
554 656 715 699 ipsorum
732 655 825 689 fon-

108 700 235 744 tium,
260 710 350 744 quos
371 700 539 734 adhibuit
558 700 765 734 Herodotus
790 700 826 733 in

108 746 218 780 rebus
239 745 461 790 singularum
481 745 643 790 gentium
659 756 825 778 enarran-

110 791 178 832 dis,
193 790 465 834 anquirendum.
486 792 609 832 Atque
622 790 659 823 in
669 789 826 823 Graecia

109 836 269 879 quidem,
288 846 397 879 quam
413 834 613 868 identidem
630 834 709 878 ipse
724 834 826 877 vidit,

109 880 369 921 monumentis,
405 879 564 912 donariis
594 890 740 924 regum,
771 890 825 912 ar-

109 926 293 968 chontum,
313 925 540 958 sacerdotum
559 924 749 969 catalogis,
767 935 825 957 ve-

107 970 247 1004 teribus
265 969 476 1012 annalibus,
501 969 658 1003 cuiusvis
681 969 827 1014 generis

108 1013 417 1059 inscriptionibus,
437 1014 517 1048 aliis
535 1014 707 1048 historiae
726 1014 826 1048 adiu—

108 1060 240 1094 mentis
264 1059 297 1093 ei
319 1059 372 1093 uti
395 1059 513 1102 licuit,
538 1059 669 1103 quibus
686 1063 827 1093 maturo

110 1105 334 1149 subactoque
358 1104 492 1138 iudicio
516 1105 710 1149 exploratis
734 1116 840 1138 sum-=

109 1161 206 1184 mam
224 1149 312 1184 fecit
330 1149 437 1183 fidem
452 1149 560 1183 rebus
576 1149 827 1184 Graecis.—

109 1196 143 1230 N
149 1206 240 1239 eque
258 1195 405 1229 minoris
423 1195 611 1229 faciendus
630 1196 699 1229 erit
711 1195 825 1229 Hero—

111 1242 217 1275 dotus
233 1241 271 1274 in
284 1241 391 1274 rebus
404 1240 621 1284 Persicis,
639 1241 677 1274 in
695 1240 828 1284 quibus

110 1285 276 1332 apprime
294 1285 451 1320 ostendit
469 1285 579 1324 illam,
598 1296 691 1331 quae
709 1286 827 1320 ubivis

109 1332 147 1366 in
181 1342 223 1366 ΘΟ
255 1332 440 1375 laudatur,
474 1332 671 1375 ἀκρίβειαν,
707 1335 827 1372 ἐπιμέ-

110 1377 221 1417 λειαν,
246 1377 432 1418 ἀλήθειαν.

111 1422 359 1465 institutisque
372 1421 579 1466 Persarum,
598 1423 643 1456 de
660 1422 768 1456 rebus
782 1422 828 1456 ab

111 1468 165 1501 eis
182 1467 295 1513 gestis
313 1467 459 1512 copiose
477 1468 670 1511 enarravit,
695 1478 739 1502 ea
755 1479 828 1502 ma-

111 1513 246 1547 ximam
278 1516 420 1558 partem
453 1513 543 1557 ipsis
576 1513 829 1556 monumentis,

112 1569 206 1603 quae
222 1558 342 1592 adhuc
357 1561 510 1599 exstant,
528 1558 762 1603 imaginibus,
777 1558 828 1591 in-

111 1603 388 1648 scriptionibus,
411 1603 526 1637 literis
549 1603 712 1637 cuneatis
736 1614 828 1637 com-

111 1649 268 1693 probata
292 1652 384 1682 sunt..
433 1649 476 1682 In
500 1648 551 1681 eis
573 1652 714 1682 tantum
737 1659 829 1693 quae

112 1694 161 1727 ad
183 1694 471 1738 antiquissimam
496 1693 599 1738 Cyri,
626 1693 829 1738 Cambysis,

112 1738 304 1784 Magorum
333 1739 521 1772 historiam
550 1743 717 1783 spectant
744 1750 829 1772 non—

112 1784 213 1818 nulla
225 1783 392 1817 fabulosa
405 1783 648 1827 inveniuntur,
666 1784 762 1818 unde
776 1784 829 1817 fa—

113 1829 183 1863 cile
207 1828 358 1874 colligas
381 1829 418 1862 in
436 1829 505 1862 hac
527 1828 702 1863 historiae
726 1832 830 1874 parte

113 1874 301 1908 Herodoto
329 1873 609 1918 praeferendum
638 1885 717 1908 esse
748 1873 829 1908 Cte-

113 1919 216 1963 siam,
242 1919 299 1953 cui
315 1918 431 1962 licuit,
457 1930 536 1953 cum
555 1919 642 1954 artis
665 1919 830 1954 medicae

113 1964 247 2010 peritia
268 1964 421 2010 insignis
444 1964 481 1998 in
504 1964 609 2010 regia
631 1965 715 1998 aula
733 1965 830 2009 apud

112 2012 352 2045 Artaxerxem
369 2009 601 2044 Mnemonem
625 2010 688 2044 diu
709 2021 829 2044 versa-

111 2058 222 2100 retur,
240 2058 462 2089 vetustorum
477 2058 681 2100 temporum
698 2066 829 2090 memo-

112 2100 205 2135 riam
223 2111 242 2134 e
258 2100 370 2145 regiis
390 2101 657 2134 commentariis
683 2101 830 2144 (βασιλι-

112 2151 192 2181 καῖς
210 2145 415 2191 διφθέραις)
437 2146 702 2191 redintegrare.
753 2148 830 2181 Nec

111 2193 237 2225 mirum
269 2193 301 2225 si
324 2193 517 2235 praeclara
548 2193 612 2225 hac
652 2193 831 2226 occasione

116 2238 244 2270 Ctesias
261 2238 420 2270 utendum
439 2238 581 2280 censuit,
605 2244 641 2270 ut
663 2238 719 2279 iis,
745 2249 830 2282 quae

111 2283 283 2327 hucusque
314 2283 401 2316 inter
432 2283 585 2317 Graecos
618 2284 658 2316 de
688 2284 829 2327 impe-rio

114 2328 270 2361 Asiatico
319 2327 658 2371 circumferebantur,
706 2340 829 2362 novam

112 2374 218 2416 plane
231 2384 370 2418 eamque
383 2374 641 2407 verePersicam
653 2374 827 2407 historiam

114 2424 311 2461 opponeret.
359 2430 428 2462 qua
444 2419 478 2451 in
496 2430 533 2452 re
548 2420 639 2452 haud
655 2420 829 2452 minimum

115 2464 308 2496 stimulasse
330 2474 404 2496 eum
426 2464 567 2505 videtur,
597 2465 689 2508 quod
704 2466 829 2508 paucis

117 2514 197 2541 ante
214 2509 314 2541 annis
332 2520 433 2552 quam
451 2509 498 2541 ad
513 2510 642 2542 Persas
659 2520 695 2542 se
712 2515 828 2542 contu—

117 2555 225 2595 lisset,
257 2554 427 2586 Herodoti
447 2554 572 2587 Musae
594 2554 629 2586 in
654 2555 829 2597 publicum

483 1378 585 1417 Quae
607 1377 657 1411 de·
669 1376 828 1411 moribus
840 1394 842 1401 ι

1478 219 1563 247 xlx

849 295 1020 336 hauserat.
1073 294 1202 328 Ctesias
1235 294 1336 338 ἐρίων
1369 305 1386 327 e
1413 295 1564 328 Persicis

850 339 1001 381 fontibus
1018 351 1083 373 sua
1100 340 1300 383 depromens
1319 339 1443 381 omnia,
1462 351 1563 384 quum

850 386 884 419 in
896 386 945 419 bis
953 385 1109 429 plurima
1124 385 1223 419 aliter
1237 391 1339 429 atque
1354 385 1389 417 in
1398 385 1567 418 Herodoti

851 442 951 476 opere
974 431 1101 464 tradita
1124 431 1302 474 reperiret,
1333 436 1426 463 tanto
1451 430 1566 463 acrius

850 478 890 510 iis
914 476 1071 509 insistens
1100 476 1230 509 erroris
1259 481 1288 509 et
1318 475 1563 509 mendaciiHe-

850 523 990 554 rodotea
1007 522 1228 563 incusaverit,
1251 527 1380 565 quanto
1403 521 1566 554 maiorem

850 568 929 600 vidit
959 567 1056 599 buius
1084 567 1264 610 scriptoris
1293 567 1385 610 apud
1411 566 1566 600 Graecos

851 623 922 645 esse
944 611 1075 653 famam
1100 618 1129 644 et
1153 612 1387 644 auctoritatem
1413 613 1508 651 (sunt
1526 609 1565 644 C.

852 656 1020 690 Muelleri
1052 656 1164 690 verba
1196 657 1233 690 in
1262 656 1490 701 praefatione
1520 656 1567 689 ad

853 701 998 735 Ctesiae
1013 699 1133 734 Cnidii
1150 701 1254 745 reliq.
1269 713 1304 745 p.
1321 702 1418 742 3).—
1434 700 1568 735 Contra

853 745 1000 779 maximi
1027 746 1198 779 habenda
1228 749 1282 779 est
1305 746 1482 780 Herodoti
1506 757 1567 780 au-

853 791 1000 825 ctoritas
1023 791 1059 823 in
1082 791 1191 824 rebus
1214 790 1410 824 Persarum
1438 792 1522 825 inde
1547 802 1569 825 a

852 835 966 869 Darei
994 835 1220 879 temporibus
1243 835 1423 879 bellisque
1447 836 1567 870 Persi-

853 881 903 914 cis
934 890 1027 923 quae
1058 880 1227 914 dicuntur
1257 881 1486 923 enarrandis,
1523 882 1568 914 de

852 925 984 970 quibus
1001 925 1168 959 Persicos
1186 926 1367 970 regiorum
1384 926 1569 960 annalium

852 974 1017 1005 auctores
1034 970 1091 1004 vel
1108 971 1268 1004 vanitate
1287 971 1342 1004 vel
1361 971 1569 1005 adulatione

853 1016 980 1049 ductos
997 1015 1112 1049 multa
1129 1019 1274 1060 praeter
1291 1016 1482 1050 veritatem
1499 1021 1568 1050 rct-

852 1061 977 1095 tulisse
997 1060 1168 1095 ectesiae
1182 1061 1397 1106 fragmentis
1412 1062 1570 1096 Persicis

853 1108 932 1141 luce
963 1106 1095 1140 clarius
1123 1111 1288 1151 apparet.
1320 1127 1363 1131 -—
1391 1107 1435 1141 In
1462 1108 1570 1141 rebus

854 1151 1056 1197 Assyriis
1095 1156 1239 1186 secutus
1273 1156 1328 1185 est
1361 1152 1568 1187 Herodotus

854 1197 1082 1231 sacerdotum
1110 1197 1397 1242 Babyloniorum
1431 1198 1467 1241 (I
1492 1199 1567 1232 181.

855 1243 935 1288 183)
960 1245 995 1276 et
1014 1241 1237 1277 Graecorum
1259 1243 1297 1276 in
1320 1244 1411 1277 Asia
1433 1243 1571 1278 minore

854 1287 1097 1330 narrationes,
1121 1298 1299 1333 persaepe
1320 1300 1400 1322 cum
1418 1289 1470 1323 eis
1489 1300 1570 1323 con-

854 1337 1038 1379 gruentes,
1057 1344 1152 1376 quae
1172 1344 1214 1368 ex
1230 1333 1320 1378 ipsis
1337 1335 1570 1379 Assyriorum

854 1379 1094 1413 monumentis
1102 1383 1223 1413 nostra
1231 1383 1350 1413 aetate
1365 1384 1445 1413 sunt
1456 1384 1570 1414 eruta.

855 1424 1073 1468 Quanquam
1104 1425 1294 1469 perpensis
1323 1425 1489 1459 omnibus
1518 1430 1571 1459 at-

855 1481 924 1514 que
949 1469 1187 1503 consideratis
1217 1480 1327 1513 quum
1352 1470 1569 1504 Herodotcis

855 1520 931 1549 tum
950 1514 1130 1548 Ctesianis
1147 1515 1250 1549 libris
1267 1516 1429 1560 Assyriis
1442 1516 1568 1550 Berosi

856 1560 1004 1594 annales
1042 1560 1267 1605 Babylonios
1309 1560 1569 1606 praeferendos

857 1616 935 1639 esse
962 1606 1071 1649 ducO,
1102 1617 1211 1650 quam
1233 1606 1481 1650 quaestionem
1498 1617 1570 1641 om-

856 1651 954 1684 nium
978 1650 1230 1685 difficillimam
1261 1651 1319 1685 hic
1342 1652 1488 1696 quidem
1512 1663 1571 1686 ac-

858 1695 1016 1730 curatius
1040 1699 1197 1730 tractare
1221 1697 1427 1731 chartarum
1457 1708 1570 1743 angu—

856 1741 936 1774 stiis
949 1741 1144 1785 prohibeor
1157 1741 1217 1785 (cf.
1228 1741 1267 1775 C.
1278 1741 1442 1776 Mueller.
1453 1742 1569 1787 praef.

856 1786 903 1819 ad
921 1785 1016 1820 Ctes.
1035 1786 1113 1820 rell.
1133 1798 1167 1831 p.
1187 1788 1234 1831 5).
1254 1807 1296 1811 —
1314 1786 1459 1821 Deinde
1477 1799 1570 1832 quac

856 1831 1065 1865 Herodotus
1094 1832 1139 1865 de
1168 1832 1277 1866 rebus
1305 1832 1570 1878 Aegyptiis,

857 1877 901 1909 de
918 1880 1016 1910 terra
1034 1876 1182 1920 eiusque
1200 1881 1340 1921 natura,
1360 1878 1406 1911 de
1419 1878 1570 1912 homini-

856 1922 923 1956 bus
942 1932 1137 1966 eorumque
1155 1922 1316 1956 moribus
1335 1926 1371 1957 et
1382 1923 1569 1967 institutis,

856 1967 901 2001 de
933 1967 1128 2012 religione,
1162 1967 1207 2001 de
1239 1968 1384 2013 templis
1417 1969 1570 2014 aliisque

856 2013 1097 2046 monumentis
1114 2014 1309 2047 memoriae
1326 2014 1494 2058 tradidit,
1519 2016 1571 2049 eis

856 2058 903 2092 ab
920 2058 1256 2103 peregrinatoribus
1270 2063 1413 2093 nostrae
1427 2060 1570 2104 aetatis,

856 2103 917 2148 qui
934 2107 1166 2138 monumenta
1184 2107 1220 2138 et
1236 2104 1491 2149 inscriptiones
1508 2116 1570 2139 no-

856 2149 902 2182 tis
931 2149 1218 2194 hieroglyphicis
1248 2150 1467 2195 compositas
1491 2151 1570 2185 dili-

855 2197 985 2240 genter
1000 2194 1312 2240 investigaverunt
1335 2207 1488 2240 cumque
1506 2196 1570 2235 eis,

856 2251 949 2285 quae
968 2239 1175 2274 Herodotus
1192 2240 1292 2275 hisce
1310 2241 1355 2275 de
1373 2242 1481 2275 rebus
1498 2244 1570 2276 tra-

855 2285 958 2328 didit,
973 2290 1287 2330 comparavcrunt,
1300 2286 1431 2320 mirum
1444 2287 1482 2321 in
1496 2298 1569 2321 mo-

855 2331 940 2364 dum
953 2329 1063 2364 fidem
1074 2331 1237 2365 additam
1251 2342 1329 2366 esse
1343 2331 1452 2366 hodie
1465 2343 1570 2366 nemo

856 2375 931 2409 fere
949 2376 1077 2410 nescit.
1103 2376 1219 2410 Paulo
1237 2377 1343 2411 aliter
1359 2388 1416 2410 res
1433 2377 1569 2412 habere

854 2421 1007 2461 videtur,
1026 2432 1106 2455 cum
1123 2421 1159 2455 in
1174 2422 1445 2467 chronologiam
1460 2426 1570 2466 atque

854 2466 890 2499 in
914 2466 1202 2510 antiquissimam
1225 2467 1494 2512 Aegyptiorum
1515 2469 1569 2502 hi-

855 2511 1002 2544 storiam
1026 2511 1273 2556 descendcris,
1303 2512 1341 2546 in
1370 2523 1442 2556 qua
1465 2523 1567 2548 enar—

856 2556 981 2598 randa,
999 2560 1039 2589 ut
1055 2557 1209 2600 videtur,
1228 2557 1436 2591 sacerdotes
1454 2558 1567 2593 Mem-

110 2599 326 2643 prodierant.
344 2600 373 2632 is
386 2600 473 2632 enim
487 2610 574 2643 quae
588 2600 628 2632 (Ie
640 2600 831 2644 antiquiore
855 2601 996 2645 phitici,
1011 2601 1201 2645 Thebaici,
1216 2602 1479 2655 Heliopolitani
1492 2604 1569 2650 glo-

116 2644 223 2678 Asiae
242 2644 382 2677 historia
404 2644 516 2686 habet,
540 2656 609 2677 non
632 2656 650 2677 c
671 2645 829 2687 Persicis,
855 2645 1017 2680 riationis
1041 2647 1161 2682 studio
1184 2648 1331 2692 impulffl
1350 2659 1408 2682 res
1431 2660 1453 2683 a
1474 2650 1568 2695 regi-

114 2690 176 2722 sed
197 2700 214 2722 e
230 2689 429 2733 Babyloniis
452 2690 525 2723 sine
547 2690 645 2723 dubio
671 2696 700 2722 et
720 2690 829 2724 Grae-

115 2745 236 2770 corum
265 2734 300 2768 in
327 2735 413 2769 Asia
441 2735 568 2769 minori
594 2735 831 2769 traditionibus

855 2691 922 2725 bus
939 2692 1137 2737 Aegyptiis
1154 2697 1277 2738 gestas
1294 2694 1393 2727 haud
1410 2705 1491 2728 raro
1510 2705 1568 2728 ex-

856 2741 1142 2783 aggeraverunt,
1167 2739 1359 2783 eidemque
1382 2737 1481 2774 haud
1505 2740 1567 2775 ab·

1179 2797 1227 2822 B·
1273 2822 1276 2825 .
