1794 3282
172 1074 207 1100 85

232 247 315 289 276
633 252 943 288 ΗΡΟΔΟΤΟΥ
972 253 1014 286 Δ.
1041 252 1185 287 83-86.

232 329 436 380 Δαρείου,
472 322 633 377 ἐχρήιζε
662 321 873 377 μηδαμῶς
898 318 1028 363 αὐτὸν
1054 324 1282 377 στρατηίην
1314 320 1388 364 ἐπὶ
1411 320 1588 370 Σκύθας

232 394 487 440 ποιέεσθαι,
521 390 763 444 καταλέγων
794 392 879 431 τῶν
903 391 1109 432 Σκυθέων
1134 387 1209 443 τὴν
1241 386 1440 444 ἀπορίην.
1495 384 1584 429 ἀλλ’

233 455 281 499 οὗ
307 456 386 511 γὰρ
414 456 569 499 ἔπειθε
596 455 899 510 συμβουλεύων
926 454 967 498 οἵ
988 456 1170 511 χρηστά,
1199 453 1222 498 5
1247 456 1323 510 μὲν
1349 454 1585 503 ἐπέπαυτο,

233 522 254 566 5
288 525 350 574 δέ,
387 522 536 579 ἐπειδή
570 522 612 566 οἱ
642 521 694 565 τὰ
726 523 869 566 πάντα
899 523 1245 578 παρεσκεύαστο,
1285 521 1484 578 ἐξήλαυνε
1512 520 1587 563 τὸν

234 589 415 645 στρατὸν
453 590 496 633 ἐκ
530 591 723 634 Σούσων.
797 590 988 633 ἐνθαῦτα
1022 594 1107 633 τῶν
1142 593 1342 646 Περσέων
1382 587 1589 642 Οἰόβαζος

232 657 392 715 ἐδεήθη
430 662 616 715 Δαρείου
653 662 784 713 τριῶν
822 657 978 701 ἐόντων
1016 657 1058 700 οἱ
1095 657 1266 700 παίδων
1301 658 1373 699 καὶ
1414 655 1590 698 πάντων

232 729 580 780 στρατευομένων
612 725 684 768 ἕνα
716 723 833 781 αὗτῶ
865 726 1226 781 καταλειφθῆναι.
1282 721 1304 767 5
1345 724 1392 766 δέ
1428 722 1470 765 οἱ
1507 721 1588 778 ἔφη

232 791 291 843 ῶς
316 795 430 849 φίλῳ
458 793 571 836 ἐόντι
595 795 667 836 καὶ
690 797 874 849 μετρίων
901 793 1087 848 δεομένῳ
1114 792 1281 842 πάντας
1305 790 1406 842 τοὺς
1425 790 1591 840 παῖδας

231 862 523 915 καταλείψειν.
580 857 602 903 ὃ
628 861 704 914 μὲν
737 860 786 917 δὴ
816 860 1022 914 Οἰόβαζος
1048 858 1281 915 περιχαρὴς
1311 852 1372 915 ἧν,
1407 856 1590 909 ἐλπίζων

230 926 331 978 τοὺς
363 927 480 978 υἱέας
512 932 741 984 στρατηίης
773 926 1098 971 ἀπολελύσθαι·
1136 925 1158 969 5
1192 927 1238 969 δὲ
1269 925 1460 969 ἐκέλευσε
1490 923 1591 975 τοὺς

232 994 305 1038 ἐπὶ
325 996 487 1038 τούτων
509 995 779 1047 ἐπεστεῶτας
800 993 1054 1038 ἀποκτεῖναι
1074 994 1242 1045 πάντας
1261 993 1362 1044 τοὺς
1379 992 1588 1047 Οἰοβάζου

233 1063 408 1114 παῖδας.
457 1065 528 1105 καὶ
554 1057 673 1105 οῦτοι
698 1064 773 1117 μὲν
800 1061 1127 1120 ἀποσφαγέντες
1159 1059 1289 1104 αὐτοῦ
1320 1060 1455 1116 ταύτῃ
1483 1059 1590 1103 ἐλεί-

232 1143 385 1173 ποντο·
423 1136 608 1186 Δαρεῖος
640 1131 685 1173 δὲ
717 1129 860 1173 ἐπείτε
886 1130 1177 1186 πορευόμενος
1208 1128 1252 1171 ἐκ
1276 1128 1453 1171 Σούσων
1486 1125 1591 1170 ἆπί-

231 1213 327 1240 κετο
351 1201 426 1253 τῆς
451 1198 743 1253 Καλχηδονίης
774 1196 848 1240 ἐπὶ
878 1196 950 1240 τὸν
981 1197 1226 1251 Βόσπορον,
1261 1195 1331 1238 ἵνα
1364 1194 1530 1247 ἔζευκτο
1564 1192 1587 1250 ἦ

231 1264 416 1321 γέφυρα,
456 1263 652 1307 ἐνθεῦτεν
685 1263 814 1317 ἐσβὰς
847 1263 889 1314 ἐς
920 1268 993 1306 νέα
1019 1263 1160 1307 ἔπλωε
1192 1263 1265 1306 ἐπὶ
1295 1261 1372 1313 τὰς
1396 1266 1589 1313 Κυανέας

232 1334 507 1385 καλεομένας,
535 1330 613 1381 τὰς
638 1331 849 1386 πρότερον
875 1329 1093 1386 πλαγκτὰς
1108 1327 1303 1386 Ἕλληνές
1329 1345 1440 1386 φασι
1465 1327 1587 1380 εἶναι,

232 1398 430 1452 ἑζόμενος
456 1399 502 1440 δὲ
528 1398 601 1440 ἐπὶ
626 1402 686 1453 τῷ
715 1397 791 1452 ἱρῷ
819 1397 998 1453 ἐθηέετο
1025 1397 1097 1440 τὸν
1121 1398 1288 1441 Πόντον
1315 1396 1438 1439 ἐόντα
1471 1393 1590 1447 ἄξιο-

231 1466 410 1521 θήητον.
449 1467 669 1519 πελαγέων
694 1463 774 1520 γὰρ
802 1463 1006 1507 ἁπάντων
1031 1468 1198 1521 πέφυκε
1218 1463 1589 1517 θωμασιώτατος·

231 1537 308 1575 τοῦ
345 1533 394 1575 τὸ
432 1533 508 1586 μὲν
544 1532 678 1587 μῆκός
716 1531 801 1575 εἰσι
838 1532 1011 1575 στάδιοι
1048 1530 1198 1575 ἑκατὸν
1239 1533 1311 1573 καὶ
1350 1532 1483 1584 χίλιοι
1519 1531 1592 1572 καὶ

231 1600 393 1657 μύριοι,
422 1599 470 1642 τὸ
499 1600 544 1642 δὲ
571 1593 705 1656 εὖρος,
733 1603 784 1655 τῇ
811 1597 1043 1655 εὐρύτατος
1064 1596 1194 1650 αὐτὸς
1215 1598 1389 1650 ἑωυτοῦ,
1419 1597 1593 1641 στάδιοι

231 1668 473 1723 τριηκόσιοι
497 1668 569 1709 καὶ
593 1669 837 1722 τρισχίλιοι.
875 1668 1030 1710 τούτου
1056 1671 1134 1710 τοῦ
1153 1666 1364 1722 πελάγεος
1382 1665 1431 1709 τὸ
1453 1665 1593 1719 στόμα

234 1734 324 1778 ἐστὶ
350 1729 473 1792 εὖρος
496 1738 694 1790 τέσσερες
720 1735 911 1778 στάδιοι·
949 1739 1083 1791 μῆκος
1114 1735 1161 1777 δὲ
1184 1738 1261 1778 τοῦ
1295 1734 1528 1788 στόματος,
1569 1729 1591 1776 5

234 1800 380 1858 αῦχήν,
419 1801 468 1845 τὸ
502 1801 552 1858 δὴ
582 1802 815 1858 Βόσπορος
850 1804 1065 1859 κέκληται,
1104 1799 1192 1845 κατ’
1217 1801 1239 1845 ὃ
1279 1801 1329 1858 δὴ
1362 1800 1529 1854 ἔζευκτο
1566 1798 1591 1856 ἡ

233 1873 418 1926 γέφυρα,
458 1868 531 1912 ἐπὶ
564 1870 769 1921 σταδίους
801 1870 938 1913 ε’ίκοσι
967 1871 1039 1912 καὶ
1065 1869 1213 1912 ἑκατόν
1239 1868 1342 1912 ἐστι.
1396 1872 1525 1911 τείνει
1551 1867 1590 1911 δ’

235 1936 277 1987 ἐς
301 1936 375 1992 τὴν
400 1937 680 1992 Προποντίδα
711 1935 733 1980 5
759 1938 1005 1994 Βόσπορος.
1060 1935 1084 1993 ἡ
1118 1937 1163 1979 δὲ
1187 1939 1432 1993 Προποντὶς
1464 1936 1594 1980 ἐοῦσα

235 1997 358 2058 εὖρος
388 2004 463 2056 μὲν
496 2004 682 2045 σταδίων
712 2008 1023 2056 πεντακοσίων,
1061 2008 1194 2060 μῆκος
1233 2005 1278 2047 δὲ
1308 2007 1593 2060 τετρακοσίων

234 2073 305 2112 καὶ
327 2072 488 2122 χιλίων,
522 2071 751 2113 καταδιδοῖ
774 2070 816 2121 ἐς
840 2070 914 2113 τὸν
935 2068 1245 2127 Ἑλλήσποντον
1276 2071 1402 2114 ἐόντα
1428 2073 1595 2114 στεινό-

233 2153 340 2193 τητα
364 2137 440 2191 μὲν
466 2135 577 2179 ἔπτὰ
603 2138 817 2189 σταδίους,
844 2142 977 2194 μῆκος
1003 2138 1049 2180 δὲ
1068 2142 1383 2195 τετρακοσίους.
1430 2138 1594 2182 ἐκδιδοῖ

236 2205 281 2246 δὲ
319 2202 340 2246 5
374 2202 682 2260 Ἑλλήσποντος
719 2204 760 2256 ἐς
793 2206 940 2259 χάσμα
977 2206 1204 2261 πελάγεος,
1241 2204 1291 2248 τὸ
1331 2204 1379 2262 δὴ
1410 2206 1593 2262 Αἰγαῖον

197 2286 205 2309 3
235 2273 443 2314 καλέεται.
498 2271 761 2328 μεμέτρηται
793 2273 838 2315 δὲ
869 2277 1004 2315 ταῦτα
1036 2266 1133 2315 ὦδε.
1189 2277 1288 2329 νηῦς
1321 2273 1485 2317 ἐπίπαν
1509 2274 1594 2327 μά-

234 2339 361 2382 λιστά
386 2356 433 2395 κῃ
460 2340 658 2382 κατανύει
685 2339 726 2382 ἐν
750 2344 1017 2397 μακρημερίῃ
1039 2338 1211 2395 ὀργυιὰς
1235 2340 1590 2399 ἑπτακισμυρίας,

233 2405 381 2457 νυκτὸς
414 2407 459 2449 δὲ
485 2405 799 2462 ἑξακισμυρίας.
854 2405 933 2464 ἤδη
968 2401 1025 2449 ῶν
1051 2407 1093 2459 ἐς
1123 2409 1198 2461 μὲν
1227 2412 1362 2451 Φᾶσιν
1389 2407 1479 2452 ἀπὸ
1512 2413 1592 2452 τοῦ

235 2473 450 2527 στόματος
482 2476 624 2527 (τοῦτο
649 2475 729 2530 γάρ
758 2474 848 2517 ἐστι
873 2479 949 2518 τοῦ
975 2476 1141 2518 Πόντου
1168 2476 1457 2533 μακρότατον)
1488 2474 1592 2533 ἡμε-

235 2545 340 2595 ρέων
373 2540 489 2583 ἐννέα
520 2542 658 2593 πλόος
690 2541 782 2585 ἐστὶ
813 2544 885 2585 καὶ
920 2546 1078 2585 νυκτῶν
1111 2541 1242 2585 ὀκτώ·
1280 2537 1409 2588 αῦται
1446 2543 1591 2587 ἕνδεκα

234 2608 440 2663 μυριάδες
459 2610 529 2651 καὶ
544 2608 692 2652 ἑκατὸν
708 2607 913 2664 ὀργυιέων
932 2614 1132 2665 γίνονται,
1157 2610 1200 2654 ἐκ
1221 2612 1267 2654 δὲ
1285 2615 1370 2654 τῶν
1385 2609 1591 2667 ὀργυιέων

234 2676 395 2718 τούτων
422 2677 595 2719 στάδιοι
621 2676 769 2719 ἑκατὸν
794 2679 863 2719 καὶ
886 2679 1019 2730 χίλιοι
1050 2680 1119 2721 καὶ
1143 2678 1293 2734 μύριοί
1323 2678 1420 2722 εἶσι.
1477 2678 1520 2729 ἐς
1545 2679 1592 2721 δὲ

238 2742 498 2799 Θεμισκύρην
523 2742 596 2799 την
623 2742 697 2786 ἐπὶ
724 2744 995 2801 Θερμώδοντι
1020 2750 1206 2803 ποταμῷ
1233 2745 1276 2789 ἐκ
1300 2751 1375 2802 τῆς
1395 2747 1592 2802 Σινδικῆς
