1794 3282
518 240 712 275 ΗΡΟΔΟ
728 240 841 275 ΤΟΥ
871 241 914 275 Α.
940 240 1130 275 139-141.
1451 231 1506 272 63

148 311 284 353 λιστα.
322 310 393 351 καὶ
420 308 520 352 τόδε
547 308 651 352 ἄλλο
679 326 759 366 σφι
787 303 872 352 ὦδε
899 313 1190 364 συμπέπτωκε
1215 313 1429 365 γίνεσθαι,
1457 308 1506 352 τὸ

146 381 315 433 Πέρσας
344 377 421 430 μὲν
448 375 604 428 αὐτοὺς
635 379 811 434 λέληθε,
845 376 980 434 ἡμέας
1009 381 1156 432 μέντοι
1183 375 1258 419 οὗ·
1295 377 1350 420 τὰ
1385 375 1509 420 οὖνὸ-

143 445 260 499 ματά
293 460 374 500 σφι
401 443 526 487 ἐόντα
552 443 684 499 ὁμοῖα
714 454 830 488 τοῖσι
857 446 1032 500 σώμασι
1063 447 1135 488 καὶ
1159 449 1209 502 τῇ
1239 447 1508 501 μεγαλοπρε-

145 516 246 568 πείῃ
275 513 548 555 τελευτέουσι
579 514 722 555 πάντα
756 514 798 564 ἐς
827 513 968 558 τώυτὸ
1006 514 1200 570 γράμμα,
1240 513 1288 556 τὸ
1322 516 1510 569 Δωριέες

144 580 219 632 μὲν
252 578 330 622 σὰν
361 581 582 632 καλέουσι,
613 579 752 632 Ἴωνες
779 582 825 624 δὲ
851 586 995 637 σίγμα.
1059 581 1101 632 ἐς
1125 585 1252 624 τοῦτο
1288 581 1510 637 διζήμενος

144 645 339 702 εὑρήσεις
371 648 644 691 τελευτέοντα
674 654 758 691 τῶν
788 649 984 706 Περσέων
1015 648 1070 692 τὰ
1103 646 1341 703 οὗνόματα,
1382 646 1429 691 οὗ
1457 647 1510 690 τὰ

143 715 219 768 μὲν
244 713 298 757 τὰ
326 712 364 757 δ’
384 713 446 766 οὔ,
476 714 585 758 ἀλλὰ
610 717 754 759 πάντα
780 715 955 770 ὁμοίως.

235 787 377 825 Ταῦτα
407 785 483 837 μὲν
516 781 725 839 ἀτρεκέως
757 783 837 836 ἔχω
871 786 971 840 περὶ
1009 782 1148 826 αὐτῶν
1186 783 1313 834 εἰδώς
1349 783 1506 826 εἰπεῖν·

145 851 248 893 τάδε
272 854 418 904 μέντοι
440 848 498 900 (ὗς
516 851 791 906 κρυπτόμενα
810 852 977 906 λέγεται
997 853 1068 893 καὶ
1089 849 1137 893 οὗ
1160 854 1387 906 σαφηνέως
1407 852 1509 907 περὶ

143 922 219 960 τοῦ
246 916 565 967 ἀποθανόντος,
595 915 654 968 (ὃς
675 915 723 959 οὗ
745 918 958 974 πρότερον
980 918 1203 960 θάπτεται
1223 916 1378 974 ἀνδρὸς
1397 921 1509 974 1159--

145 1001 228 1028 σεω
245 983 267 1027 ὁ
287 988 406 1035 νέκυς
426 986 528 1040 πρὶν
550 982 601 1026 ἂν
622 982 693 1026 ὑπ’
712 982 891 1040 ὄρνιθος
913 983 936 1041 ἢ
955 985 1078 1036 κυνὸς
1093 984 1297 1041 ἑλκυσθῇ.
1331 984 1508 1040 Μάγους

141 1054 217 1107 μὲν
242 1051 322 1109 γὰρ
349 1050 560 1110 ἀτρεκέως
587 1049 686 1094 οἶδα
710 1057 848 1095 ταῦτα
874 1057 1119 1104 ποιεῦντας.
1177 1052 1403 1109 ἐμφανέως
1426 1051 1507 1107 γὰρ

144 1120 193 1177 δὴ
220 1124 410 1163 ποιεῦσι.
461 1120 839 1176 κατακηρώσαντες
874 1118 914 1163 δ’
939 1115 996 1163 ὦν
1021 1119 1094 1164 τὸν
1119 1124 1238 1163 νέκυν
1263 1119 1429 1175 Πέρσαι
1454 1124 1506 1176 γῇ

142 1188 396 1244 κρύπτουσι.
445 1188 590 1243 Μάγοι
616 1188 661 1230 δὲ
686 1189 972 1245 κεχωρίδαται
997 1187 1160 1232 πολλὸν
1185 1191 1270 1230 τῶν
1294 1204 1340 1231 τε
1367 1185 1507 1230 ἄλλων

143 1255 394 1313 ἀνθρώπων
418 1257 490 1298 καὶ
514 1260 599 1297 τιῦν
626 1255 667 1298 ἐν
692 1256 898 1312 Αἰγύπτῳ
928 1257 1065 1313 ἱρέων.
1105 1256 1240 1310 οἱμὲν
1259 1254 1338 1312 γὰρ
1360 1253 1508 1311 ἁγνεύ-

143 1339 240 1366 ουσι
266 1323 459 1378 ἔμψυχον
483 1324 614 1378 μηδὲν
640 1328 827 1376 κτείνειν,
857 1325 895 1367 εἰ
919 1324 976 1381 μὴ
1005 1321 1088 1368 ὅσα
1112 1324 1298 1366 θύουσι·
1326 1323 1368 1366 οἱ
1389 1323 1435 1366 δὲ
1457 1322 1506 1378 δὴ

141 1391 285 1447 Μάγοι
311 1389 554 1447 αὐτοχειρίῃ
579 1392 722 1434 πάντα
747 1391 858 1448 πλὴν
883 1391 1008 1444 κυνὸς
1032 1394 1103 1434 καὶ
1126 1390 1368 1446 ἀνθρώπου
1395 1394 1508 1433 κτεί-

141 1475 280 1510 νουσι,
320 1461 392 1501 καὶ
425 1458 650 1514 ἀγώνισμα
682 1464 809 1502 τοῦτο
846 1459 956 1516 μέγα
992 1464 1238 1511 ποιεῦνται,
1275 1463 1508 1509 κτείνοντες

143 1525 306 1580 ὁμοίως
330 1527 556 1583 μύρμηκάς
580 1544 626 1570 τε
651 1529 722 1570 καὶ
755 1525 858 1584 ὄφις
883 1530 954 1570 καὶ
979 1522 1115 1570 τᾶλλα
1146 1527 1307 1583 ἑρπετὰ
1332 1529 1404 1569 καὶ
1428 1543 1508 1570 πε-

141 1595 273 1637 τεινά.
317 1596 388 1636 καὶ
414 1593 529 1651 ἀμφὶ
553 1595 629 1649 μὲν
654 1600 715 1651 τῷ
740 1596 859 1651 νόμῳ
886 1596 1024 1652 τούτῳ
1053 1595 1180 1648 ἐχέτω
1209 1593 1268 1646 ὠς
1286 1597 1357 1638 καὶ
1378 1593 1507 1652 ἀρχὴν

144 1661 368 1719 ἐνομίσθη,
397 1660 540 1716 ἄνειμι
567 1663 612 1704 δὲ
639 1661 713 1704 ἐπὶ
738 1661 812 1705 τὸν
838 1664 1050 1720 πρότερον
1076 1663 1214 1718 λόγον.

218 1727 357 1780 Ἴωνες
384 1730 430 1772 δὲ
454 1732 525 1772 καὶ
542 1730 734 1781 Αἰολέες,
764 1728 822 1781 (ὃς
849 1731 890 1773 οἱ
909 1732 1050 1774 Λυδοὶ
1069 1731 1252 1784 τάχιστα
1271 1730 1507 1786 κατεστρά-

144 1813 258 1853 φατο
289 1794 377 1839 ὕπὸ
404 1802 621 1854 Περσέων,
663 1798 859 1851 ἔπεμπον
891 1797 1094 1854 ἀγγέλους
1127 1798 1168 1849 ἐς
1193 1799 1354 1853 Σάρδις
1384 1797 1507 1853 παρὰ

143 1869 292 1922 Κῦρον,
322 1863 548 1916 ἐθέλοντες
570 1865 643 1908 ἐπὶ
661 1874 777 1908 τοῖσι
799 1863 972 1909 αὐτοῖσι
992 1865 1101 1909 εἶναι
1115 1875 1231 1909 τοῖσι
1246 1868 1504 1921 καὶΚροίσῳ

141 1927 250 1989 ἦσαν
275 1932 490 1988 κατήκοοι.
531 1931 552 1975 ὁ
582 1933 628 1975 δὲ
654 1931 844 1984 ἀκούσας
870 1931 1013 1976 αὐτῶν
1037 1933 1091 1976 τὰ
1111 1936 1372 1989 προΐσχοντο
1393 1933 1507 1985 ἔλεξέ

144 2017 225 2057 σφι
249 2000 391 2055 λόγον,
426 1999 562 2055 ἄνδρα
593 2000 681 2057 φὰς
713 1999 897 2058 αὐλητὴν
931 2002 1078 2045 ἰδόντα
1111 2001 1238 2055 ἰχθῦς
1271 2002 1312 2045 ἐν
1341 2006 1393 2058 τῇ
1420 2006 1508 2044 θα-

143 2071 281 2127 λάσσῃ
306 2068 484 2121 αὐλέειν,
520 2069 722 2112 δοκέοντά
750 2085 889 2125 σφεας
914 2069 1224 2122 ἐξελεύσεσθαι
1250 2069 1292 2121 ἐς
1316 2074 1409 2126 γῆν·
1449 2067 1508 2119 ὥς

145 2140 190 2181 δὲ
210 2142 464 2195 ψευσθῆναι
482 2135 556 2193 τὴς
571 2136 759 2188 ἐλπίδος,
788 2139 935 2192 λαβεῖν
950 2136 1279 2195 ἀμφίβληστρον
1292 2139 1364 2180 καὶ
1383 2153 1508 2192 περι-

142 2209 290 2261 βαλεῖν
326 2223 372 2249 τε
409 2207 584 2261 πλῆθος
626 2204 788 2248 πολλὸν
829 2210 915 2249 τῶν
953 2206 1119 2260 ἰχθύων
1161 2208 1232 2248 καὶ
1276 2205 1504 2261 ἐξειρύσαι,

146 2275 292 2317 ἰδόντα
319 2275 365 2316 δὲ
389 2275 687 2327 παλλομένους
712 2273 851 2316 εἰπεῖν
877 2271 962 2330 ἄρα
982 2273 1110 2317 αὐτὸν
1130 2272 1242 2328 πρὸς
1260 2272 1360 2323 τοὺς
1381 2272 1508 2325 ἰχθῦς

140 2340 375 2384 ((παύεσθέ
398 2358 474 2395 μοι
501 2339 760 2396 ὀρχεόμενοι,
790 2340 887 2384 ἐπεὶ
913 2340 1004 2384 οὐδ’
1024 2341 1122 2396 ἐμέο
1150 2339 1376 2390 αὐλέοντος
1402 2337 1510 2395 ἤθε’-

146 2411 238 2452 λετε
265 2408 473 2463 ἐκβαίνειν
500 2406 789 2464 ὀρχεόμενοι.”
841 2413 982 2465 Κῦρος
1007 2410 1082 2463 μὲν
1108 2412 1258 2451 τοῦτον
1284 2407 1357 2450 τὸν
1382 2406 1510 2462 λόγον

145 2486 261 2521 τοῖσι
279 2476 395 2520 Ἴωσι
420 2479 489 2519 καὶ
515 2485 632 2519 τοῖσι
650 2476 858 2519 Αἰολεῦσι
882 2477 1017 2519 τῶνδε
1038 2477 1191 2519 εἵνεκεν
1214 2475 1338 2527 ἔλεξε,
1368 2472 1437 2517 ὅτι
1457 2473 1508 2530 δὴ

148 2546 190 2588 οἱ
211 2543 350 2596 Ἴωνες
380 2545 593 2601 πρότερον
625 2541 756 2585 αὐτοῦ
788 2541 931 2598 Κόρου
966 2545 1198 2600 δεηθέντος
1235 2540 1292 2585 δι’
1322 2540 1510 2598 ἀγγέλων

149 2611 430 2656 άπίστασθαί
456 2628 594 2668 σφεας
619 2609 709 2653 ἀπὸ
735 2615 924 2667 Κροίσου
954 2609 1029 2654 οὐκ
1055 2610 1307 2663 ἐπείθοντο,
1340 2610 1437 2653 τότε
1463 2611 1509 2652 δὲ

148 2684 498 2737 κατεργασμένων
522 2683 607 2722 τῶν
631 2679 895 2735 πρηγμάτων
926 2673 1033 2734 ἦσαν
1065 2678 1231 2733 ἑτοῖμοι
1262 2682 1511 2721 πείθεσθαι

151 2750 290 2806 Κύρῳ.
336 2746 358 2791 ὃ
384 2748 459 2802 μὲν
487 2746 536 2802 δὴ
564 2745 665 2803 ὀργῇ
693 2745 891 2800 ἐχόμενος
917 2746 1034 2802 ἔλεγέ
1059 2762 1139 2803 σφι
1163 2745 1279 2797 τάδε,
1299 2742 1438 2796 Ἴωνες
1463 2742 1510 2786 δὲ

1535 322 1585 347 139

1534 796 1584 820 140

1532 1745 1577 1769 141
