1794 3282
193 1033 241 1059 155

261 267 346 308 242
653 272 968 307 ΗΡΟΔΟΤΟΥ
996 272 1036 306 Γ.
1061 272 1139 307 154.
1165 274 1243 309 155.

262 344 511 387 πυνθάνετο
539 341 577 384 εἰ
602 343 705 398 περὶ
730 342 895 384 πολλοῦ
920 340 1057 395 κάρτα
1081 345 1280 386 ποιέεται
1298 342 1372 400 τὴν
1389 345 1632 399 Βαβυλῶνα

264 411 385 454 ἑλεῖν.
422 409 679 463 πυθόμενος
700 409 746 452 δὲ
767 406 827 459 ὥς
845 410 1012 452 πολλοῦ
1032 413 1209 466 τιμῷτο,
1239 409 1344 454 ἄλλο
1365 410 1629 466 ἐβουλεύετο,

263 475 374 528 ὅκως
400 476 531 528 αῦτός
556 494 601 520 τε
629 477 751 520 ἔσται
784 475 806 520 5
839 475 946 521 ἕλιὺν
979 474 1109 533 αὐτὴν
1139 479 1211 520 καὶ
1243 477 1408 521 ἑωυτοῦ
1433 477 1482 522 τὸ
1510 479 1632 536 ἔργον

263 544 406 588 ἐ’σται·
431 545 569 602 κάρτα
594 543 674 601 γὰρ
703 544 744 588 ἐν
769 553 886 588 τοῖσι
905 548 1099 602 Πέρσῃσι
1126 545 1171 587 αἱ
1197 543 1487 603 ἀγαθοεργίαι
1513 546 1555 598 ἐς
1580 545 1630 590 τὸ

264 612 417 668 πρόσω
442 613 663 668 μεγάθεος
687 617 922 668 τιμέονται.
979 610 1094 669 ἄλλῳ
1121 616 1197 667 μέν
1221 631 1292 656 νυν
1319 611 1394 656 οὗκ
1420 613 1631 670 ἐφράζετο

265 681 373 738 ἔργῳ
401 679 582 732 δυνατὸς
609 679 719 724 εἶναί
743 698 816 735 μιν
842 679 1094 738 ὑποχειρίην
1119 684 1318 737 ποιῆσαι,
1347 680 1386 723 εἰ
1412 679 1453 724 δ’
1471 680 1632 724 ἑωυτὸν

265 749 571 806 λωβησάμενος
592 746 904 805 αὐτομολήσειε
925 749 967 799 ἐς
982 747 1153 799 αύτούς.
1188 747 1380 791 ἐνθαῦτα
1399 747 1441 791 ἐν
1456 747 1633 806 ἐλαφρῷ

264 817 561 873 ποιησάμενος
593 816 754 860 ἑωυτὸν
785 819 981 872 λωβᾶται
1007 816 1150 874 λώβην
1182 814 1431 873 ἀνήκεστον·
1464 814 1634 859 ἄποτα-

263 883 356 939 μιὺν
393 883 473 942 γὰρ
511 884 675 928 ἑωυτοῦ
713 884 787 941 τὴν
826 886 923 943 ῥῖνα
953 886 1026 927 καὶ
1061 883 1115 927 τὰ
1153 878 1244 927 ὦτα
1280 885 1353 927 καὶ
1387 882 1463 941 τὴν
1499 884 1633 941 κόμην

265 956 405 1003 κακῶς
435 957 683 1010 περικείρας
714 955 786 996 καὶ
816 953 1099 1008 μαστιγώσας
1135 946 1247 1009 ἦλθε
1279 951 1402 1010 παρὰ
1435 959 1632 1008 Δαρεῖον.

266 1027 451 1076 Δαρεῖος
478 1021 524 1063 δὲ
548 1021 685 1078 κάρτα
708 1024 877 1076 βαρέως
896 1017 1033 1077 ἤνεικε
1055 1019 1158 1063 ἷδιὺν
1179 1019 1315 1078 ἄνδρα
1337 1021 1633 1075 δοκιμώτατον

266 1089 582 1144 λελωβημένον·
621 1089 665 1131 ἔκ
689 1105 734 1131 τε
760 1092 836 1131 τοῦ
862 1088 1028 1143 θρόνου
1056 1086 1343 1145 ἀναπηδήσας
1370 1086 1563 1143 ἀνέβωσέ
1586 1104 1632 1131 τε

267 1157 339 1199 καὶ
370 1156 508 1211 εἴρετό
540 1174 613 1210 μιν
645 1154 767 1207 ὅστις
798 1157 862 1213 εἴη
896 1153 918 1198 5
951 1157 1257 1212 λωβησάμενος
1288 1158 1359 1199 καὶ
1385 1154 1410 1199 5'
1434 1174 1478 1199 τι
1503 1156 1634 1212 ποιή-

268 1240 416 1267 σαντα.
479 1221 501 1266 5
535 1224 580 1266 δὲ
611 1221 707 1267 εἶπε
734 1221 842 1266 “ofin
873 1223 965 1267 ἔστι
998 1217 1124 1275 οὗτος
1150 1222 1253 1280 ἀνὴρ
1281 1220 1349 1267 ὅτι
1377 1223 1435 1281 μὴ
1462 1223 1532 1275 σύ,
1571 1227 1633 1279 τῷ

268 1290 360 1334 ἐστι
392 1291 571 1346 δύναμις
600 1291 789 1347 τοσαύτη
823 1291 896 1346 ἐμὲ
936 1291 986 1348 δὴ
1025 1285 1110 1334 ὦδε
1149 1292 1392 1335 διαθεῖναι·
1432 1289 1532 1334 οὐδέ
1567 1308 1634 1342 τις

268 1357 523 1416 ἀλλοτρίων,
565 1352 599 1400 ὦ
629 1360 827 1414 βασιλεῦ,
865 1359 969 1401 τάδε
1007 1358 1228 1415 ἐ’ργασται,
1270 1357 1358 1401 ἀλλ’
1382 1357 1513 1409 αὐτὸς
1550 1357 1632 1414 ἐγὼ

268 1426 496 1480 ἐμεωυτόν,
525 1426 664 1469 δεινόν
688 1443 731 1469 τι
749 1426 1008 1480 ποιεύμενος
1023 1425 1272 1481 Ἀσσυρίους
1291 1430 1485 1483 Πέρσῃσι
1502 1442 1635 1469 κατα-

266 1492 431 1549 γελᾶν.”
484 1492 505 1536 5
534 1491 574 1536 δ’
592 1492 794 1548 ἀμείβετο
817 1487 885 1535 ((ιῦ
913 1494 1198 1546 σχετλιώτατε
1224 1491 1402 1550 ἀνδρῶν,
1439 1494 1546 1550 ἔργῳ
1572 1497 1633 1549 τῷ

268 1561 477 1617 αἰσχίστῳ
501 1559 664 1616 οὕνομα
683 1561 731 1605 τὸ
747 1561 975 1604 κάλλιστον
991 1560 1108 1614 ἔθεο,
1132 1560 1219 1619 φὰς
1240 1560 1314 1604 διὰ
1333 1560 1435 1612 τοὺς
1453 1563 1637 1618 πολιορ-

266 1632 494 1683 κεομένους
516 1628 705 1673 σεωυτὸν
725 1627 966 1686 ἀνηκέστως
988 1629 1226 1672 διαθεῖναι.
1264 1633 1309 1672 τί
1328 1628 1382 1682 δ’,
1407 1623 1441 1671 ὦ
1461 1630 1632 1684 μάταιε,

267 1699 563 1754 λελωβημένου
603 1702 677 1741 σεῦ
715 1701 888 1740 θᾶσσον
927 1697 969 1740 οἱ
1010 1698 1216 1751 πολέμιοι
1253 1697 1636 1754 παραστήσονται;

267 1770 352 1816 κῶς
384 1764 459 1808 οῦκ
491 1765 742 1818 ἐξέπλωσας
772 1770 857 1808 τιῦν
889 1769 1057 1822 φρενῶν
1090 1764 1278 1808 σεωυτὸν
1312 1762 1632 1822 διαφθείρας,·”

268 1832 290 1876 5
324 1834 371 1877 δὲ
404 1832 501 1877 εἶπε
527 1831 600 1876 “ez
630 1837 707 1888 μέν
737 1849 807 1876 τοι
838 1831 1108 1889 ὑπερετίθεα
1137 1831 1192 1876 τὰ
1219 1832 1394 1887 ἔμελλον
1419 1833 1633 1890 ποιήσειν,

270 1899 346 1944 οὐκ
361 1900 410 1944 ἄν
423 1919 477 1956 με
491 1902 728 1958 περιεῖδες·
754 1905 825 1943 νῦν
841 1899 880 1944 δ’
893 1899 958 1944 ἐπ’
972 1901 1189 1956 ἐμεωυτοῦ
1202 1901 1441 1955 βαλόμενος
1455 1900 1635 1958 ἔπρηξα.

268 1967 346 2025 ἤδη
374 1963 433 2011 ὦν
458 1967 507 2025 ἢν
530 1968 588 2025 μὴ
615 1973 700 2011 τιῦν
727 1973 814 2011 σῶν
841 1969 991 2026 δεήσῃ,
1020 1969 1218 2026 αἱρέομεν
1242 1971 1496 2023 Βαβυλῶνα.
1552 1967 1635 2024 ἐγὼ

266 2037 342 2090 μὲν
366 2036 447 2092 γάρ
475 2034 534 2086 ὦς
560 2036 640 2089 ἔχω
668 2034 954 2092 αὐτομολήσω
982 2035 1024 2087 ἐς
1047 2035 1097 2079 τὸ
1123 2044 1264 2088 τεῖχος
1282 2037 1354 2078 καὶ
1374 2036 1501 2092 φήσω
1523 2033 1635 2092 πρὸς

269 2101 425 2154 αὐτοὺς
458 2101 517 2153 ὦς
549 2101 634 2146 ὑπὸ
669 2107 741 2146 σεῦ
773 2104 878 2146 τάδε
909 2103 1141 2146 πέπονθα·
1178 2105 1249 2145 καὶ
1281 2102 1436 2155 δοκέω,
1475 2107 1635 2154 πείσας

269 2170 408 2228 σφέας
432 2175 569 2214 ταῦτα
596 2171 704 2224 ἔχειν
726 2168 851 2223 οὕτω,
878 2171 1116 2223 τεύξεσθαι
1135 2175 1351 2228 στρατιῆς.
1397 2169 1447 2214 σὺ
1469 2171 1527 2223 δέ,
1557 2168 1631 2214 ἀπ’

269 2232 317 2295 ἧς
344 2237 394 2281 ἂν
418 2237 579 2296 ἡμέρης
611 2237 692 2295 ἐγὼ
725 2238 895 2282 ἐσέλθω
930 2238 972 2289 ἐς
1001 2237 1051 2282 τὸ
1081 2247 1240 2292 τεῖχος,
1281 2236 1371 2282 ἀπὸ
1402 2238 1562 2295 ταύτης
1593 2238 1636 2290 ἐς

270 2306 448 2363 δεκάτην
472 2304 631 2364 ἡμέρην
655 2311 731 2363 τῆς
757 2311 950 2350 σεωυτοῦ
972 2310 1187 2363 στρατιῆς,
1216 2310 1290 2363 τῆς
1310 2304 1494 2361 οὐδεμία
1514 2306 1636 2350 ἔσται

270 2373 358 2431 ὤρη
386 2372 703 2431 ἀπολλυμένης,
736 2375 896 2431 ταύτης
919 2375 1085 2428 χιλίους
1110 2375 1238 2427 τάξον
1269 2372 1379 2417 κατὰ
1403 2373 1482 2425 τὰς
1506 2382 1637 2429 Σεμι-

269 2443 426 2499 ράμιος
444 2444 704 2497 καλεομένας
722 2443 884 2494 πύλας·
910 2441 1019 2497 μετὰ
1041 2443 1087 2485 δὲ
1109 2436 1230 2493 αὖτις
1250 2439 1341 2485 άπὸ
1361 2446 1437 2498 τῆς
1457 2442 1637 2499 δεκάτης

270 2510 312 2562 ἐς
338 2509 524 2566 ἑβδόμην
551 2509 707 2562 ἄλλους
730 2527 808 2565 μοι
832 2511 960 2563 τάξον
987 2512 1225 2564 δισχιλίους
1250 2508 1358 2553 κατὰ
1377 2509 1455 2561 τὰς
1475 2514 1636 2553 Νινίων

269 2580 529 2633 καλεομένας
553 2579 715 2630 πύλας·
742 2576 832 2622 ἀπὸ
860 2579 906 2621 δὲ
930 2582 1005 2635 τῆς
1025 2577 1212 2634 ἑβδόμης
1233 2576 1472 2621 διαλιπών
1498 2578 1636 2620 εἴκοσι

270 2643 431 2703 ἡμέρας
463 2646 630 2690 ἔπειτεν
662 2644 818 2698 ἄλλους
853 2646 1029 2689 κάτισον
1062 2643 1234 2702 ἀγαγών
1271 2643 1380 2688 κατὰ
1409 2644 1488 2696 τὰς
1518 2646 1636 2688 Χαλ-

273 2715 405 2757 δαίων
435 2716 695 2769 καλεομένας
731 2715 892 2767 πύλας,
930 2715 1309 2772 τετρακισχιλίους.
1371 2711 1551 2766 ἐχόντων
1589 2712 1636 2754 δὲ

272 2782 377 2839 μήτε
416 2781 458 2824 οἱ
494 2782 703 2839 πρότεροι
744 2783 877 2840 μηδὲν
919 2786 1003 2825 τῶν
1042 2781 1311 2837 άμυνεόντων
1352 2780 1460 2837 μήτε
1498 2773 1632 2831 οὗτοι,
