1794 3282
512 291 823 326 ΗΡΟΔΟΤΟΥ
854 291 896 326 Δ.
922 288 1110 325 178-180.
1404 280 1488 322 309

137 361 302 404 ἐκδιδοῖ
326 360 371 402 δὲ
392 352 517 409 οὗτος
538 359 579 410 ἐς
599 361 746 415 λίμνην
765 359 949 415 μεγάλην
975 359 1227 415 Τριτωνίδα·
1255 357 1296 401 ἐν
1316 359 1362 401 δὲ
1380 357 1488 414 αὐτῇ

134 433 262 484 νῆσος
294 427 353 469 ἔνι
384 431 434 483 τῇ
467 425 628 480 οὕνομα
663 426 766 468 Φλά.
825 426 982 481 ταύτην
1014 426 1060 468 6&
1089 424 1164 481 τὴν
1194 430 1320 482 νῆσον
1349 433 1489 470 Λακε-

136 496 403 549 δαιμονίοισί
433 509 545 550 φασι
575 494 718 549 λόγιον
750 491 858 536 εἶναι
888 497 1043 536 κτίσαι.
1106 493 1197 536 ἔστι
1228 494 1274 536 δὲ
1310 495 1381 536 καὶ
1413 490 1487 536 ὅδε

134 562 260 618 λόγος
285 562 523 616 λεγόμενος.
579 559 759 617 ’[ήσονα,
794 559 937 603 ἐπείτε
963 560 1005 603 οἱ
1036 560 1273 617 ἐξεργάσθη
1309 559 1396 603 ὑπὸ
1427 564 1488 616 τῷ

134 630 281 685 Πηλίῳ
310 626 332 684 ἡ
355 626 505 685 Ἀργώ,
540 627 773 682 ἐσθέμενον
799 627 841 678 ἐς
867 625 996 684 αὐτὴν
1022 625 1150 684 ἄλλην
1179 645 1225 671 τε
1251 627 1488 684 ἑκατόμβην

134 698 204 738 καὶ
238 694 287 751 δή
319 697 389 737 καὶ
425 696 614 751 τρίποδα
640 695 817 748 χάλκεον
852 695 1116 749 περιπλώειν
1147 695 1486 751 Πελοπόννησον,

133 763 394 817 βουλόμενον
422 762 463 814 ἐς
483 761 678 819 Δελφοὺς
704 760 964 805 ἀπικέσθαι·
991 766 1063 805 καί
1085 780 1170 817 μιν,
1199 760 1258 813 (ὗς
1284 762 1488 805 πλώοντα

134 833 339 885 γενέσθαι
359 829 467 872 κατὰ
480 832 662 885 Μαλέην,
690 827 924 883 ὑπολαβεῖν
944 826 1097 883 ἄνεμον
1116 833 1268 885 βορέην
1287 831 1358 871 καὶ
1376 827 1490 872 ἀπο-

135 901 282 954 φέρειν
302 896 413 954 πρὸς
431 896 506 954 τὴν
524 897 709 952 Λιβύην·
735 898 836 952 πρὶν
857 897 901 939 δὲ
919 897 1178 939 κατιδέσθαι
1196 901 1282 953 γῆν,
1313 896 1354 939 ἐν
1373 905 1490 939 τοῖσι

135 965 313 1018 βράχεσι
343 968 550 1019 γενέσθαι
580 965 728 1020 λίμνης
756 968 830 1021 τῆς
866 964 1131 1020 Τριτωνίδος.
1191 968 1263 1006 καί
1298 964 1340 1006 οἱ
1377 961 1490 1007 ἀπο-

136 1036 275 1087 ρέοντι
306 1030 380 1088 την
418 1030 630 1087 ἐξαγωγὴν
667 1032 791 1087 λόγος
822 1030 913 1073 ἐστὶ
950 1035 1134 1087 φανῆναι
1170 1036 1379 1088 Τρίτωνα,
1417 1033 1490 1072 καὶ

135 1099 320 1141 κελεύειν
344 1098 418 1142 τὸν
438 1097 602 1155 Ἰήσονα
628 1098 773 1153 ἑωυτῷ
801 1098 946 1140 δοῦναι
970 1097 1044 1140 τὸν
1068 1099 1267 1154 τρίποδα,
1296 1098 1490 1154 φάμενόν

138 1181 219 1222 σφι
253 1167 323 1207 καὶ
359 1164 434 1208 τὸν
468 1166 605 1222 πόρον
649 1165 781 1216 δέξειν
816 1166 887 1206 καὶ
929 1163 1155 1220 ἀπήμονας
1197 1163 1488 1208 ἀποστελέειν.

135 1236 404 1289 πειθομένου
438 1233 484 1275 δὲ
513 1237 588 1275 τοῦ
616 1230 814 1289 Ἰήσονος,
855 1228 966 1274 οὕτω
999 1231 1048 1287 δη
1080 1231 1154 1273 τόν
1183 1248 1230 1274 τε
1262 1233 1489 1274 διέκπλοον

135 1305 219 1342 τιῦν
244 1304 434 1357 βραχέων
461 1300 671 1342 δεικνύναι
695 1297 768 1342 τὸν
791 1298 979 1355 Τρίτωνά
1000 1314 1091 1355 σφι,
1120 1301 1190 1340 καὶ
1210 1298 1282 1341 τὸν
1301 1299 1490 1355 τρίποδα

137 1372 285 1409 θεῖναι
311 1366 352 1409 ἐν
376 1371 436 1422 τῴ
463 1365 624 1409 ἑωυτοῦ
657 1366 733 1421 ἱρῷ
766 1365 1118 1408 ἐπιθεσπίσαντά
1147 1382 1193 1408 τε
1222 1370 1282 1422 τῷ
1312 1367 1491 1423 τρίποδι

138 1437 207 1476 καὶ
238 1443 355 1476 τοῖσι
393 1433 466 1476 σὺν
492 1431 644 1489 Ἰήσονι
681 1433 925 1488 σημήναντα
961 1431 1034 1474 τὸν
1070 1433 1213 1474 πάντα
1248 1433 1391 1487 λόγον,
1431 1431 1491 1484 ὥς

140 1500 270 1544 ἐπεὰν
294 1499 368 1544 τὸν
393 1501 582 1555 τρίποδα
606 1505 835 1555 κομίσηται
859 1503 944 1541 τιῦν
967 1516 1033 1549 τις
1059 1498 1238 1554 ἐκγόνων
1261 1504 1346 1542 τιῦν
1373 1500 1414 1542 ἐν
1438 1505 1491 1556 τῇ

135 1568 277 1625 Ἀργοῖ
311 1569 649 1623 συμπλωόντων,
692 1568 790 1611 τότε
828 1565 974 1611 ἑκατὸν
1012 1568 1140 1617 πόλις
1178 1567 1347 1623 οἰκῆσαι
1388 1570 1491 1624 περὶ

139 1636 212 1693 τὴν
248 1637 483 1691 Τριτωνίδα
519 1637 664 1691 λίμνην
691 1633 932 1690 Ἑλληνίδας
967 1638 1112 1677 πᾶσαν
1150 1632 1259 1676 εἶναι
1295 1632 1490 1691 ἀνάγκην.

139 1708 274 1746 ταῦτα
301 1702 566 1753 ἀκούσαντας
596 1701 695 1753 τοὺς
726 1701 982 1758 ἐπιχωρίους
1012 1705 1096 1743 τιῦν
1121 1701 1295 1754 Λιβύων
1325 1702 1490 1757 κρύψαι

140 1771 213 1814 τὸν
238 1771 439 1825 τρίποδα.

230 1839 398 1881 Τούτων
436 1838 481 1880 6&
519 1837 685 1890 ἔχονται
714 1839 798 1878 τιῦν
828 1835 1036 1887 Μαχλύων
1066 1833 1247 1885 Αὐσέες·
1286 1829 1407 1878 οὗτοι
1444 1837 1490 1878 δὲ

139 1908 210 1948 καὶ
238 1905 279 1948 οἱ
304 1906 498 1957 Μάχλυες
524 1905 651 1958 πέριξ
673 1902 747 1959 τὴν
777 1903 1012 1958 Τριτωνίδα
1037 1903 1184 1957 λίμνην
1211 1902 1412 1953 οἰκέουσι,
1439 1902 1489 1945 τὸ

140 1972 271 2026 μέσον
297 1972 344 2015 δέ
368 1988 449 2028 σφι
475 1969 631 2026 οὖρίζει
663 1968 684 2013 ὃ
716 1974 886 2025 Τρίτων.
948 1971 1019 2012 καὶ
1051 1969 1091 2011 οἱ
1120 1970 1195 2022 μὲν
1219 1970 1414 2022 Μάχλυες
1438 1969 1493 2012 τὰ

141 2039 286 2083 ὀπίσω
313 2043 517 2092 κομέουσι
541 2043 615 2094 τῆς
639 2040 838 2095 κεφαλῆς,
867 2038 908 2080 οἱ
927 2038 973 2080 6&
990 2035 1153 2087 Αὐσέες
1172 2036 1225 2079 τὰ
1246 2036 1489 2091 ἔμπροσθε.

142 2106 243 2164 ὁρτῇ
271 2107 316 2149 δὲ
342 2106 530 2162 ἐνιαυσίῃ
552 2103 778 2161 Ἀθηναίης
804 2105 848 2147 αἱ
872 2108 1088 2159 παρθένοι
1113 2102 1250 2146 αὐτῶν
1276 2104 1373 2157 δίχα
1399 2105 1494 2147 δια-

142 2179 300 2218 στᾶσαι
330 2174 539 2227 μάχονται
570 2172 680 2228 πρὸς
711 2171 895 2229 ἀλλήλας
926 2174 1097 2213 λίθοισί
1126 2187 1171 2213 τε
1201 2173 1271 2213 καὶ
1310 2172 1489 2223 ξύλοισι,

139 2247 201 2298 τῷ
233 2240 443 2296 αὗτιγενέϊ
471 2244 565 2296 θεῷ
602 2242 803 2295 λέγουσαι
833 2238 887 2282 τὰ
918 2239 1081 2293 πάτρια
1118 2237 1386 2290 ἀποτελέειν,
1418 2238 1493 2294 τὴν

136 2308 363 2365 Ῐ-Ιθηναίην
393 2309 610 2360 καλέομεν.
674 2307 751 2358 τὰς
787 2307 832 2349 6&
863 2304 1226 2361 ἀποθνησκούσας
1259 2310 1342 2347 τιῦν
1379 2322 1493 2363 παρ-

142 2380 282 2419 θένων
308 2375 351 2417 ἐκ
369 2379 455 2417 τιῦν
473 2374 710 2430 τρωμάτων
730 2374 1119 2429 ψευδοπαρθένους
1137 2367 1350 2415 καλέουσι.
1390 2375 1492 2430 πρὶν

143 2443 181 2486 6'
206 2442 368 2486 ἀνεῖναι
406 2440 539 2492 αὗτὰς
574 2441 813 2494 μάχεσθαι,
852 2440 955 2482 τάδε
993 2444 1187 2482 ποιεῦσι·
1224 2445 1342 2497 κοινῇ
1368 2457 1494 2495 ,παρ-

141 2511 271 2554 θένον
296 2509 369 2565 τὴν
393 2508 750 2550 καλλιστεύουσαν
775 2507 973 2550 ἑκάστοτε
998 2508 1287 2562 κοσμήσαντες
1305 2508 1427 2565 κυνέῃ
1448 2525 1493 2550 τε

142 2581 355 2633 Κορινθίῃ
381 2578 450 2618 καὶ
478 2577 694 2631 πανοπλίῃ
715 2573 927 2631 Ἑλληνικῇ
952 2576 1022 2616 καὶ
1054 2572 1119 2617 ἐπ’
1137 2571 1252 2631 ὅρμα
1284 2573 1493 2630 ἀναβιβά-

144 2661 293 2694 σαντες
318 2644 573 2699 περιάγουσι
592 2641 665 2697 την
684 2644 830 2697 λίμνην
849 2642 997 2696 κύκλῳ.
1036 2639 1198 2684 ὁτέοισι
1220 2643 1265 2684 6&
1283 2641 1333 2685 τὸ
1355 2643 1493 2685 πάλαι

146 2712 347 2764 ἐκόσμεον
378 2709 454 2760 τὰς
485 2709 733 2764 παρθένους
769 2710 870 2762 ’πρὶν
906 2707 932 2764 ἤ
962 2724 1042 2763 σφι
1063 2706 1256 2764 Ἕλληνες
1293 2726 1493 2764 παροικι-

146 2783 318 2833 σθῆναι,
348 2775 423 2819 ούκ
450 2777 528 2830 ἔχω
556 2774 689 2828 εἶπαι,
719 2775 851 2818 δοκέω
878 2769 988 2818 δ’ὦν
1007 2775 1289 2830 Αἰγυπτίοισι
1315 2774 1493 2820 ὅπλοισι

1513 506 1564 531 179

1515 1849 1565 1874 180
