1794 3282
568 223 884 260 ΗΡΟΔΟΤΟΥ
913 225 953 259 Γ.
979 224 1034 259 52.
1060 224 1115 259 53.
1446 212 1526 254 199

159 293 354 350 κήρυγιια
381 290 638 347 ἐποιήσατο,
680 292 727 343 ὃς
760 291 857 336 ἂν
841 312 865 350 η
902 292 1079 336 οικίοισι
1111 290 1376 348 ὑποδέξηταί
1405 308 1477 345 μιν
1501 289 1529 347 ἢ

158 361 502 417 προσδιαλεχθῇ,
533 358 626 415 ἱρὴν
648 361 797 418 ζηιιίην
816 366 970 405 τοῦτον
988 366 1049 418 τεῦ
1065 359 1303 405 Απόλλωνι
1322 357 1525 417 ὀφείλειν,

161 426 319 484 ὃσηνδὴ
352 427 494 478 ει’.πας
555 427 669 507 πρὸς
700 430 758 472 ὠν
790 428 840 486 δὴ
872 433 1001 472 τοῦτο
1033 428 1082 472 τὸ
1115 429 1310 484 κήρυγμα
1341 424 1439 469 ου’τε
1464 430 1530 477 τίς

159 495 203 538 οἱ
234 496 519 550 διαλέγεσθαι
552 512 650 539 ουτε
683 497 861 540 οἰκίοισι
899 497 1107 540 δέκεσθαι
1144 494 1298 553 ἤθελε·
1338 494 1449 551 πρὸς
1482 495 1527 536 δὲ

160 560 263 605 οὐδὲ
285 560 416 613 αὐτὸς
437 562 596 614 ἐκεῖνος
611 563 800 607 ἐδικαίου
822 569 1070 620 πειρᾶσθαι
1091 562 1397 620 ἀπειρημένου,
1421 559 1529 603 ἀλλὰ

160 631 474 687 διακαρτερέων
507 629 549 673 ἓν
586 636 687 687 τῇσι
718 636 891 689 στοιῇσι
927 631 1206 674 ἐκαλινδέετο.
1266 630 1447 686 τετάρτῃ
1487 626 1526 670 δ’

158 696 294 754 ἡμέρῃ
323 697 427 740 ιδιόν
451 716 524 752 μιν
551 697 572 741 ὃ
599 700 865 755 Περίανδρος
896 697 1128 755 ἀλουσίησί
1157 715 1204 741 τε
1235 700 1304 740 καὶ
1334 695 1529 752 ἀσιτίησι

161 766 515 819 συμπεπτωκότα
559 767 761 822 οίκτειρε·
800 765 927 817 ὑπεὶς
959 768 1004 809 δὲ
1034 771 1109 822 τῆς
1140 763 1268 823 οργῆς
1298 763 1364 821 ἤιε
1396 766 1529 807 ἆσσον

159 835 231 875 καὶ
257 831 404 887 έλεγες
408 827 462 874 ςὦ
488 842 583 885 παῖ,
607 834 764 890 κότερα
784 835 948 876 τούτων
970 830 1235 913 αιρετιότερά
1262 832 1365 884 ἔστι,
1392 836 1530 874 ταῦτα

159 899 214 942 τὰ
238 918 310 942 νυν
337 899 442 952 έχων
468 901 693 956 πρήσσεις,
721 898 748 956 ἢ
773 900 847 956 τὴν
870 919 919 943 τι
924 917 1001 957 ραι
996 901 1101 942 νιδα
1120 901 1191 941 καὶ
1212 899 1273 941 τὰ
1300 897 1452 955 ἀγαθὰ
1476 897 1530 940 τὰ

159 971 230 1009 νῦν
258 965 340 1022 ἐγώ
368 966 462 1019 ἔχω,
490 971 628 1009 ταῦτα
655 966 780 1010 ἐόντα
804 972 866 1023 τῷ
893 970 1027 1025 πατρὶ
1049 966 1277 1024 ἐπιτήδεον
1297 967 1531 1022 παραλαμ-

158 1034 327 1088 βάνειν,·
355 1033 403 1084 ὃς
429 1032 510 1076 ἔων
532 1034 635 1089 ἐμός
654 1051 700 1076 τε
719 1043 828 1086 παῖς
847 1037 918 1077 καὶ
937 1039 1159 1091 Κορίνθου
1180 1038 1256 1091 τῆς
1276 1032 1531 1087 εὐδαίμονος

157 1101 363 1156 βασιλεὺς
399 1099 558 1158 ἀλήτην
592 1106 689 1156 βίον
728 1102 859 1153 εἵλεο,
905 1101 1194 1146 ἀντιστατέων
1235 1118 1282 1145 τε
1318 1103 1390 1143 καὶ
1427 1098 1530 1157 ὀργῇ

155 1170 386 1225 χρεόμενος
412 1168 455 1220 ἒς
479 1171 554 1213 τόν
581 1186 628 1214 σε
653 1168 809 1227 ἥκιστα
829 1175 948 1228 χρῆν.
999 1171 1037 1214 εἰ
1062 1172 1142 1228 γάρ
1167 1187 1234 1221 τις
1260 1167 1462 1226 συμφορὴ
1491 1168 1532 1211 ἐν

160 1235 335 1280 αὐτοῖσι
374 1238 580 1294 ἐγεγόνεε,
622 1237 668 1291 ἐξ
697 1232 748 1295 ἧς
778 1236 978 1295 ὑποψίην
1011 1238 1054 1290 ἒς
1085 1238 1159 1293 ἐμὲ
1191 1238 1317 1292 ἔχεις,
1358 1237 1456 1291 ἐμοί
1485 1253 1532 1279 τε

160 1302 266 1362 αὕτη
293 1304 438 1361 γέγονε
462 1307 534 1348 καὶ
561 1305 644 1361 ἐγώ
673 1304 805 1362 αὐτῆς
835 1305 884 1350 τὸ
911 1309 1046 1350 πλεῦν
1076 1306 1259 1361 μέτοχός
1291 1304 1400 1359 εἰμι,
1441 1301 1530 1360 ὅσῳ

161 1371 294 1424 αὐτός
320 1389 434 1430 σφεα
461 1373 767 1431 ἐξεργασάμην.
807 1373 858 1418 σὺ
887 1375 934 1417 δὲ
958 1372 1118 1429 μαθων
1139 1371 1229 1430 ὅσῳ
1251 1376 1533 1430 φθονέεσθαι

160 1444 339 1497 κρέσσον
371 1440 463 1484 ἐστὶ
495 1439 522 1498 ἢ
554 1441 869 1498 οἰκτείρεσθαι,
905 1439 995 1496 ἅμα
1026 1458 1072 1484 τε
1105 1439 1252 1484 ὁκοῖόν
1282 1459 1325 1483 τι
1357 1440 1400 1492 ἒς
1430 1440 1532 1491 τοὺς

159 1512 311 1559 τοκέας
335 1510 406 1551 καὶ
434 1507 475 1559 ἐς
499 1508 602 1560 τοὺς
626 1513 860 1565 κρέσσονας
884 1513 1201 1564 τεθυμῶσθαι,
1238 1506 1379 1552 ἄπιθι
1411 1507 1453 1559 ἒς
1477 1507 1531 1550 τὰ

163 1574 318 1619 οἷκία.”
371 1577 635 1633 Περίανδρος
659 1577 736 1630 μὲν
767 1577 965 1620 τούτοισι
991 1575 1120 1620 αὐτὸν
1152 1577 1467 1631 κατελάμβανε·
1508 1573 1530 1618 ὁ

164 1644 209 1686 δὲ
247 1641 351 1686 ἄλλο
382 1645 459 1698 μὲν
493 1642 616 1686 οὐδὲν
654 1642 883 1699 ἀμείβεται
918 1644 992 1688 τὸν
1028 1648 1216 1700 πατέρα,
1257 1644 1339 1701 ἔφη
1379 1645 1426 1687 δέ
1460 1661 1533 1698 μιν

165 1710 255 1768 ἱρὴν
288 1711 438 1768 ζημίην
471 1710 663 1768 ὀφείλειν
696 1717 757 1768 τῷ
789 1717 884 1769 θεῷ
922 1711 1070 1769 ἑωυτῷ
1104 1712 1146 1763 ἐς
1182 1713 1337 1769 λόγους
1374 1709 1534 1754 ἀπικό-

161 1795 301 1833 μενον.
362 1778 522 1833 μαθιὺν
550 1780 595 1822 δὲ
622 1778 643 1822 ὃ
670 1781 937 1837 Περίανδρος
970 1778 1028 1831 ιῦς
1060 1778 1229 1835 ἄπορόν
1261 1797 1304 1823 τι
1328 1778 1378 1822 τὸ
1404 1778 1532 1822 κακὸν

163 1847 228 1903 ε’ίη
254 1851 332 1889 τοῦ
358 1846 520 1898 παιδὸς
545 1849 616 1889 καὶ
644 1846 853 1905 ἀνίκητον,
883 1847 929 1900 ἒξ
953 1846 1201 1904 ὀφθαλμῶν
1226 1865 1298 1901 μιν
1325 1845 1534 1902 ἀποπέμ-

163 1931 296 1957 πεται
327 1916 498 1966 στείλας
534 1917 690 1958 πλοῖον
728 1915 770 1966 ἐς
800 1919 1039 1973 Κέρκυραν
1078 1915 1309 1971 επεκράτεε
1345 1914 1424 1971 γὰρ
1461 1932 1534 1958 και

162 1983 334 2038 ταύτης.
375 1980 641 2033 ἀποστείλας
667 1983 714 2026 δὲ
738 1987 890 2026 τοῦτον
916 1981 938 2026 ὃ
959 1983 1226 2039 Περίανδρος
1251 1982 1531 2039 ἐστρατεύετο

163 2049 239 2092 ἐπὶ
263 2048 337 2093 τὸν
361 2048 579 2107 πενθερὸν
599 2049 794 2106 Προκλέα
809 2048 868 2102 ὥς
885 2055 971 2094 τῶν
992 2051 1243 2108 παρεόντων
1264 2050 1306 2093 οἳ
1330 2051 1531 2108 πρηγμά-

162 2133 248 2160 των
275 2117 401 2161 έόντα
427 2117 699 2171 αἰτιώτατον,
734 2121 805 2162 καὶ
831 2118 917 2162 εἷλε
941 2120 1018 2174 μὲν
1043 2118 1117 2176 τὴν
1139 2117 1411 2176 Ἐπίδαυρον,
1446 2117 1532 2161 εἷλε

164 2185 212 2227 δὲ
238 2183 367 2228 αὐτὸν
386 2187 583 2242 Προκλέα
608 2188 680 2229 καὶ
706 2186 932 2244 ἐζώγρησε.
972 2186 1069 2230 ἐπεὶ
1089 2187 1135 2230 δὲ
1153 2191 1230 2229 τοῦ
1246 2187 1403 2244 χρόνου
1424 2203 1534 2241 προ-

163 2255 390 2307 βαίνοντος
415 2251 440 2296 ὅ
464 2270 510 2296 τε
535 2255 800 2312 Περίανδρος
825 2255 1072 2311 παρηβήκεε
1102 2256 1175 2297 καὶ
1201 2251 1533 2309 συνεγινώσκετο

168 2318 315 2375 ἑωυτῷ
342 2318 484 2364 οὐκέτι
510 2319 620 2364 εἶναι
646 2321 826 2372 δυνατὸς
856 2321 910 2364 τὰ
941 2322 1175 2379 πρήγματα
1201 2320 1364 2376 ἐπορᾶν
1394 2337 1439 2363 τε
1464 2323 1535 2363 καὶ

168 2387 353 2438 διέπειν,
393 2391 576 2444 πέμψας
607 2388 650 2440 ἐς
680 2388 754 2445 τὴν
784 2393 1002 2446 Κέρκυραν
1040 2387 1253 2432 ἀπεκάλεε
1290 2387 1362 2430 τὸν
1393 2388 1536 2431 Λυκό-

166 2471 310 2511 φρονα
336 2454 411 2497 ἐπὶ
436 2455 510 2511 τὴν
534 2457 783 2513 τυραννίδα·
811 2456 852 2500 έν
877 2456 957 2514 γὰρ
985 2455 1035 2512 δὴ
1061 2461 1121 2512 τῷ
1148 2459 1428 2512 πρεσβυτέρῳ
1448 2459 1535 2498 τῶν

166 2523 341 2565 παίδων
361 2521 437 2565 οὐκ
452 2522 602 2580 ἐνώρα,
625 2521 735 2566 ἀλλά
756 2523 797 2566 οἱ
815 2528 1098 2580 κατεφαίνετο
1119 2521 1228 2566 εἶναι
1247 2527 1533 2581 νωθέστερος.

168 2588 192 2633 ὅ
221 2591 267 2632 δὲ
287 2592 531 2648 Λυκόφρων
559 2589 658 2634 οὐδὲ
684 2589 939 2648 ὑποκρίσιος
964 2589 1123 2647 ἠξίωσε
1148 2589 1222 2634 τὸν
1247 2594 1437 2648 φέροντα
1461 2591 1535 2648 τὴν

169 2656 381 2714 ἀγγελίην.
436 2660 702 2717 Περίανδρος
728 2660 775 2718 δὲ
799 2659 1106 2715 περιεχόμενος
1136 2662 1215 2702 τοῦ
1240 2663 1412 2715 νεηνίεω
1440 2660 1537 2703 δευᾏ

168 2744 272 2784 τερα
298 2726 525 2772 ἀπέστειλε
553 2725 619 2771 ἐπ’
637 2725 767 2771 αὐτὸν
793 2726 866 2784 τὴν
893 2725 1118 2784 ἀδελφεήν,
1147 2726 1309 2782 ἑωυτοῦ
1331 2728 1377 2770 δὲ
1396 2731 1535 2784 θυγα-

1558 2199 1590 2225 53
