1794 3282
557 257 874 294 ΗΡΟΔΟΤΟΥ
904 259 941 292 Γ.
969 259 1023 293 65.
1386 246 1470 288 205

104 330 391 384 πεπρωμένον
421 324 660 370 τελευτᾶν.”
722 327 821 370 τότε
851 327 927 381 μὲν
958 330 1168 378 τοσαῦτα,
1209 324 1392 383 ἡμέρῃσι
1426 325 1471 367 δὲ
1497 338 1529 363 65

104 393 283 452 ὕστερον
309 391 369 445 (ὗς
395 394 532 437 εἴκοσι
555 395 958 450 μεταπεμψάμενος
984 397 1185 451 Περσέων
1216 398 1301 436 τῶν
1334 410 1472 448 παρε-

104 462 240 506 όντων
275 460 378 512 τοὺς
408 463 733 517 λογιμωτάτους
765 462 880 519 ἔλεγέ
912 478 993 519 σφι
1023 460 1140 504 τάδε.
1193 455 1260 503 “ὦ
1293 464 1470 517 Πέρσαι,

105 529 425 586 καταλελάβηκέ
448 546 519 584 με,
547 529 595 572 τὸ
623 530 798 572 πάντων
822 530 1013 584 μάλιστα
1040 529 1248 585 ἐ’κρυπτον
1274 529 1471 584 πρηγμά·

104 614 203 649 των,
230 602 360 639 τοῦτο
387 596 430 648 ἐς
455 595 589 651 ὑμέας
615 596 807 654 ἐκφῆναι.
869 595 951 652 ἐγὼ
977 595 1057 653 γὰρ
1085 595 1165 638 ἐών
1198 595 1239 638 ἐν
1263 595 1473 651 Αἰγύπτῳ

107 661 223 707 εἶδον
250 661 355 720 ὄψιν
381 663 423 707 ἐν
449 668 509 720 τῷ
537 661 678 720 ὕπνῳ,
712 663 788 721 τὴν
817 663 997 720 μηδαμὰ
1024 662 1181 719 ὄφελον
1215 663 1340 705 ἰδεῖν·
1379 662 1476 705 ἐδό-

109 748 204 774 κεον
226 732 272 774 δέ
289 748 367 786 μοι
387 729 563 788 ἄγγελον
579 731 767 774 ἐλθόντα
787 730 833 783 ἐξ
853 731 971 773 οἴκου
988 729 1203 786 ἀγγέλλειν
1219 728 1278 781 ὥς
1290 731 1476 784 Σμέρδις

111 799 304 853 ἱζόμενος
331 799 373 849 ἐς
396 798 470 842 τὸν
494 799 721 855 βασιλήιον
748 798 908 855 θρόνον
935 798 1121 852 ψαύσειε
1142 802 1191 854 τῇ
1214 799 1378 854 κεφαλῇ
1398 801 1474 839 τοῦ

111 864 310 921 ούρανοῦ.
373 867 521 917 δείσας
553 866 599 908 δὲ
628 865 685 922 μὴ
713 863 972 921 ἀπαιρεθέω
999 864 1073 921 τὴν
1107 862 1236 920 ἀρχὴν
1262 863 1374 919 πρὸς
1399 868 1476 906 τοῦ

110 931 339 990 ἀδελφεοῦ,
368 931 556 989 ἐποίησα
580 933 791 987 ταχύτερα
818 929 843 988 ἢ
869 932 1122 988 σοφώτερα·
1155 931 1196 973 ἐν
1221 935 1271 987 τῇ
1297 929 1377 986 γὰρ
1405 929 1477 972 ἀν-

109 1004 319 1057 θρωπηίῃ
347 997 456 1056 φύσι
482 998 557 1042 ούκ
583 999 676 1056 ἐνῆν
703 997 788 1056 ἄρα
811 999 861 1042 τὸ
882 1001 1036 1053 μέλλον
1055 1002 1260 1054 γίνεσθαι
1280 995 1477 1053 ἀποτρά-

108 1084 219 1119 πειν,
249 1065 330 1123 ἐγώ
359 1067 404 1109 δὲ
431 1065 452 1109 ὅ
478 1067 665 1121 μάταιος
689 1067 958 1123 Πρηξάσπεα
985 1064 1241 1120 ἀποπέμπω
1270 1064 1312 1116 ἐς
1331 1069 1478 1108 Σοῦσα

107 1132 423 1178 ἀποκτενέοντα
442 1135 639 1192 Σμέρδιν.
679 1133 1014 1190 ἐξεργασθέντος
1036 1134 1082 1176 δὲ
1107 1137 1236 1175 κακοῦ
1262 1133 1474 1176 τοσούτου

107 1201 248 1253 ἀδειῦς
274 1202 536 1262 διαιτεόμην,
572 1199 742 1256 οὐδαμὰ
769 1200 1075 1255 ἐπιλεξάμενος
1100 1218 1157 1257 μη
1189 1204 1288 1243 κοτέ
1311 1204 1377 1252 τίς
1400 1217 1477 1255 μοι

106 1270 320 1327 Σμέρδιος
351 1267 704 1327 ὑπαραιρημένου
740 1266 869 1319 α’λλος
901 1268 1169 1325 ἐπανασταίη
1209 1267 1475 1325 ἀνθρώπων

106 1338 283 1388 πάντως
304 1338 350 1380 δὲ
369 1342 445 1380 τοῦ
466 1339 697 1391 μέλλοντος
712 1336 897 1380 ἔσεσθαι
913 1334 1117 1392 ἁμαρτὼν
1137 1334 1479 1394 ἀδελφεοκτόνος

105 1421 152 1447 τε
179 1402 301 1448 οὐδὲν
328 1406 423 1447 δέον
448 1409 600 1461 γέγονα
626 1407 698 1447 καὶ
723 1409 798 1461 τῆς
815 1406 1045 1460 βασιληίης
1067 1403 1223 1447 οὐδὲν(
1210 1420 1336 1446 εσσον
1358 1403 1472 1446 ἐστέ-

106 1485 260 1529 ρηιιαι·
297 1473 482 1529 Σμέρδις
513 1490 593 1528 γαρ
635 1471 685 1529 δὴ
725 1490 773 1528 ην
806 1470 828 1514 ὃ
861 1472 1010 1527 ἲῙάγος
1040 1471 1114 1514 τόν
1144 1487 1222 1525 ιιοι
1254 1469 1276 1515 ὃ
1311 1471 1478 1525 δαίμων

107 1543 349 1596 προέφαινε
376 1540 417 1583 ἐν
442 1545 491 1597 τῇ
519 1538 603 1595 ὄψι
630 1539 1032 1595 ἐπαναστήσεσθαι.
1082 1539 1132 1582 τὸ
1165 1540 1240 1592 ιιὲν
1274 1538 1323 1595 δι’
1357 1538 1477 1594 έργον

107 1607 360 1664 ἐξέργασταί
382 1625 472 1663 μοι,
499 1610 571 1651 καὶ
590 1607 776 1664 Σμέρδιν
800 1607 874 1651 τὸν
894 1608 1038 1664 Κύρου
1059 1611 1209 1664 μηκέτι
1230 1605 1329 1660 ὑμῖν
1351 1606 1476 1649 ἐόντα

106 1676 356 1731 λογίζεσθε·
396 1675 438 1718 οἶ
470 1676 515 1718 δὲ
546 1673 646 1729 ὑμῖν
670 1676 816 1732 Μάγοι
847 1675 1076 1732 κρατέουσι
1108 1679 1192 1717 τιῦν
1223 1676 1474 1729 βασιληίων,

107 1743 182 1785 τόν
206 1760 252 1786 τε
279 1743 428 1787 ἔλιπον
455 1743 695 1799 ἐπίτροπον
726 1747 811 1786 τῶν
839 1743 984 1786 οἰκίων
1009 1745 1078 1785 καὶ
1107 1740 1128 1785 ὃ
1164 1742 1323 1785 ἐκείνου
1352 1740 1478 1784 ἀδελ-

108 1809 215 1867 φεὸς
246 1811 444 1868 Σμέρδις.
504 1810 578 1854 τὸν
609 1815 685 1865 μέν
716 1829 787 1854 νυν
823 1811 1015 1866 μάλιστα
1043 1815 1146 1866 χρῆν
1184 1809 1285 1864 ἐμεῦ
1322 1808 1478 1864 αἰσχρὰ

108 1877 220 1935 πρὸς
244 1882 329 1921 τιῦν
354 1878 514 1934 Μάγων
540 1880 824 1929 πεπονθότος
848 1882 1078 1935 τιμωρέειν
1105 1877 1219 1932 ἐμοί,
1249 1871 1377 1927 οῦτος
1402 1878 1478 1931 μὲν

109 1943 271 2002 ἀνοσίῳ
296 1946 419 2004 μόρῳ
445 1946 713 2002 τετελεύτηκε
742 1944 827 1988 ὑπὸ
854 1950 939 1988 τῶν
971 1945 1133 1988 ἑωυτοῦ
1167 1944 1478 2001 οἷκηιωτάτων·

108 2013 265 2056 τούτου
305 2013 351 2056 δὲ
385 2017 537 2069 μηκέτι
574 2013 736 2066 ἐόντος,
777 2014 956 2071 δεύτερα
993 2017 1078 2055 τιῦν
1106 2015 1273 2055 λοιπιῦν
1299 2010 1411 2066 ὑμῖν,
1447 2005 1480 2052 ὦ

110 2080 289 2136 Πέρσαι,
316 2084 481 2137 γίνεταί
503 2098 579 2135 μοι
606 2080 945 2138 ἀναγκαιότατον
967 2080 1244 2124 ἐντέλλεσθαι
1264 2079 1318 2123 τὰ
1340 2079 1479 2123 ἐθέλω

110 2165 187 2203 μοι
210 2152 418 2205 γενέσθαι
441 2151 672 2192 τελευτέων
698 2149 771 2192 τὸν
795 2153 910 2205 βίον·
937 2150 1007 2191 καὶ
1041 2147 1090 2205 δη
1124 2146 1223 2202 ὑμῖν
1248 2148 1352 2191 τάδε
1385 2147 1480 2190 ἐπι-

113 2217 293 2272 σκήπτω
320 2216 455 2268 θεοὺς
479 2215 580 2268 τοὺς
597 2219 854 2273 βασιληίους
877 2216 1128 2268 ἐπικαλέων,
1156 2218 1227 2258 καὶ
1251 2221 1363 2258 πᾶσι
1379 2213 1480 2268 ium*

113 2285 185 2325 καὶ
210 2285 401 2337 μάλιστα
422 2283 746 2338 Αχαιμενιδέων
771 2293 923 2327 τοῖσι
914 2289 1147 2340 παρεοῦσι,
1184 2282 1241 2339 μὴ
1269 2282 1482 2338 περιιδεῖν

113 2350 190 2407 τὴν
221 2349 446 2408 ἡγεμονίην
479 2353 600 2401 αὖτις
633 2351 675 2402 ἐς
706 2352 882 2408 Μήδους
914 2354 1251 2408 περιελθοῦσαι,
1287 2348 1374 2392 ἀλλ
1399 2350 1484 2391 εἴτε

116 2419 232 2474 δόλω
266 2417 411 2471 ἔχουσι
443 2417 572 2474 αύτην
602 2419 880 2475 κτησάμενοι,
922 2419 1036 2474 δόλῳ
1071 2416 1369 2473 ἀπαιρεθῆναι
1408 2414 1481 2458 ὑπ’

115 2484 270 2540 ὑμέων,
299 2486 385 2528 εἴτε
410 2489 481 2528 καὶ
507 2487 659 2528 σθένεΐ
680 2502 763 2541 τεῳ
790 2461 1169 2541 κατεργασέἱιιενοι,
1199 2488 1350 2528 σθένεϊ
1374 2481 1484 2526 κατὰ

116 2552 167 2597 τὸ
193 2551 396 2609 καρτερὸν
423 2551 757 2596 ἀνασώσασθαι.
819 2555 889 2595 καὶ
915 2558 1052 2595 ταῦτα
1076 2553 1152 2607 μὲν
1178 2555 1353 2595 ποιεῦσι
1385 2548 1484 2604 ὑμῖν

116 2625 169 2679 γῆ
188 2638 234 2664 τε
253 2619 419 2676 καρπὸν
441 2620 615 2677 ἐκφέροι
634 2622 705 2662 καὶ
719 2619 914 2676 γυναῖκές
932 2638 977 2663 τε
997 2622 1068 2663 καὶ
1089 2628 1273 2674 ποῖμναι
1289 2622 1482 2670 τίκτοιεν,

119 2689 240 2733 ἐοῦσι
266 2688 309 2740 ἒς
333 2688 407 2732 τὸν
433 2686 605 2732 ἅπαντα
627 2688 781 2746 χρόνον.
806 2687 1097 2743 ἐλευθέροισι·
1122 2686 1179 2744 μὴ
1203 2686 1487 2739 ἀνασωσαμέ-

118 2774 233 2802 νοισι
255 2758 300 2801 δὲ
320 2757 394 2815 τὴν
414 2755 542 2815 ἀρχὴν
561 2756 662 2815 μηδ’
675 2756 978 2813 ἐπιχειρήσασι
992 2754 1227 2808 ἀνασώζειν
1248 2754 1301 2798 τὰ
1317 2753 1487 2796 ἐναντία
