1794 3282
502 236 815 273 ΗΡΟΔΟΤΟΥ
845 236 887 270 Β.
914 235 979 270 121
999 247 1107 282 γ-ε,
1403 222 1483 263 147

122 316 279 371 φέρειν,
309 309 464 364 λόγους
491 308 536 350 δὲ
562 306 675 362 πρὸς
700 304 774 349 τὸν
800 305 1032 362 περιεόντα
1057 303 1199 346 παῖδα
1224 305 1485 355 ποιευμένην

120 378 417 436 προστάσσειν
450 373 586 431 αὐτῷ,
628 372 738 430 ὅτεῳ
775 374 928 430 τρόπῳ
968 373 1163 423 δύναται,
1201 373 1488 427 μηχανᾶσθαι

122 445 233 497 ὅκως
263 445 310 490 τὸ
347 449 473 498 σῶμα
505 448 580 487 τοῦ
615 440 829 499 ἀδελφεοῦ
861 440 1106 491 καταλύσας
1140 442 1333 493 κομιέαι’
1372 437 1411 480 εἷ
1443 437 1489 479 δὲ

120 515 285 558 τούτων
306 510 525 568 ἀμελήσει,
555 511 820 553 διαπειλέειν
841 507 973 565 αὐτὴν
988 506 1046 559 ῶς
1067 507 1264 550 ἐλθοῦσα
1283 505 1395 562 πρὸς
1414 503 1488 548 τὸν

120 584 305 639 βασιλέα
330 580 510 636 μηνύσει
537 577 665 622 αὐτὸν
691 578 841 632 ἔχοντα
866 576 920 620 τὰ
942 576 1153 633 χρήματα.
1206 573 1264 626 ὥς
1292 575 1335 617 δὲ
1359 575 1486 627 χαλε-

122 655 219 702 πῶς
235 648 500 704 ἐλαμβάνετο
522 645 695 703 ἡμήτηρ
716 650 793 689 τοῦ
815 645 1066 700 περιεόντος
1080 642 1243 694 παιδὸς
1262 644 1331 685 καὶ
1347 640 1490 685 πολλὰ

124 718 236 776 πρὸς
251 715 381 774 αὐτὴν
395 718 527 772 λέγων
549 712 625 757 οὐκ
640 714 808 765 ἔπειθε,
838 712 1209 768 ἐπιτεχνήσασθαι
1228 711 1377 753 τοιάδε
1397 722 1490 764 μιν’

124 785 249 837 ὅνους
274 783 703 836 κατασκευασάμενον
729 783 801 823 καὶ
827 778 985 831 ἀσκοὺς
1010 780 1236 836 πλήσαντα
1256 779 1372 821 οἴνου
1396 777 1493 820 ἐπι-

124 860 274 899 θεῖναι
300 853 375 896 ἐπὶ
398 856 483 894 τῶν
511 848 619 893 ὄνων
644 851 715 891 καὶ
742 848 909 891 ἔπειτεν
936 848 1125 890 ἐλαύνειν
1152 845 1328 897 αὐτούς·
1362 844 1421 897 ῶς
1447 846 1494 888 δὲ

124 922 232 965 κατὰ
251 920 353 971 τοὺς
374 919 679 976 φυλάσσοντας
698 910 748 972 ἧν
768 915 843 959 τὸν
862 915 1126 972 κρεμάμενον
1146 918 1276 966 νέκυν,
1300 914 1494 957 ἐπισπά-

125 1005 260 1034 σαντα
295 992 382 1031 τῶν
421 985 563 1029 ἀσκῶν
602 985 679 1027 δύο
719 982 742 1040 ἢ
778 992 894 1039 τρεῖς
937 984 1164 1033 ποδεῶνας
1207 980 1335 1025 αὐτὸν
1378 980 1493 1025 λύειν

126 1056 428 1111 ἀπαμμένους·
456 1052 514 1104 ῶς
541 1053 586 1095 δὲ
607 1053 723 1110 ἔρρεε
744 1050 765 1095 ὁ
789 1050 914 1103 οἶνος,
942 1050 1016 1108 τὴν
1036 1051 1226 1108 κεφαλήν
1245 1068 1317 1105 μιν
1338 1051 1497 1094 κόπτε-

126 1130 239 1169 σθαι
269 1123 436 1179 μεγάλα
466 1126 650 1177 βοεῦντα
689 1119 747 1171 ῶς
785 1118 861 1163 οὐκ
900 1119 1050 1173 ἔχοντα
1080 1119 1193 1174 πρὸς
1231 1118 1374 1162 ὁκοῖον
1410 1123 1496 1162 τῶν

127 1191 234 1237 ὄνων
254 1196 428 1249 πρῶτον
448 1190 681 1247 τράπηται.
713 1187 813 1240 τοὺς
833 1188 877 1231 δὲ
900 1188 1119 1245 φυλάκους
1134 1186 1192 1239 (ὃς
1213 1187 1319 1231 ι’δεῖν
1334 1184 1496 1231 πολλὸν

127 1263 278 1319 ῥέοντα
302 1258 376 1302 τὸν
403 1257 530 1310 οἶνον,
560 1256 800 1313 συντρέχειν
827 1255 870 1307 ές
894 1256 969 1312 τὴν
996 1254 1097 1300 ὁδὸν
1124 1254 1280 1312 ἀγγήια
1307 1256 1494 1309 ἔχοντας,

128 1331 198 1374 καὶ
221 1328 295 1372 τὸν
321 1326 591 1381 ἐκκεχυμένον
619 1324 733 1369 οἶνον
760 1325 1029 1381 συγκομίζειν
1056 1324 1098 1367 ἕν
1122 1324 1264 1381 κέρδεϊ
1289 1328 1497 1379 ποιευμέ-

128 1410 244 1448 νους·
276 1395 350 1439 τὸν
383 1396 428 1438 δὲ
460 1393 845 1450 διαλοιδορέεσθαι
875 1397 987 1436 πᾶσι
1013 1391 1139 1449 ὀργὴν
1171 1394 1499 1450 προσποιεύμε-

130 1482 212 1517 νον,
241 1467 648 1521 παραμυθεομένων
670 1463 715 1504 δὲ
736 1459 864 1504 αὗτὸν
884 1465 968 1504 τῶν
984 1461 1187 1517 φυλάκων
1203 1462 1343 1517 χρόνῳ
1360 1461 1499 1519 πρηΰ-

131 1538 289 1576 νεσθαι
314 1529 675 1588 προσποιέεσθαι
700 1531 771 1573 καὶ
796 1527 1015 1572 ὑπίεσθαι
1040 1533 1116 1585 τῆς
1136 1527 1275 1586 ὀργῆς,
1303 1531 1426 1580 τέλος
1453 1530 1498 1571 δὲ

134 1601 336 1653 ἐξελάσαι
367 1596 498 1642 αὐτὸν
529 1597 631 1649 τοὺς
664 1595 789 1648 ὅνους
822 1596 865 1640 ἐκ
896 1601 971 1652 τῆς
1003 1594 1105 1640 ὁδοῦ
1133 1599 1204 1640 καὶ
1235 1597 1501 1640 κατασκευά-

133 1669 229 1721 ζειν,
287 1665 346 1718 ὥς
379 1667 424 1710 δὲ
455 1667 610 1723 λόγους
640 1683 686 1709 τε
717 1665 878 1716 πλέους
910 1664 1159 1720 ἐγγίνεσθαι
1195 1669 1268 1707 καί
1297 1682 1393 1708 τινα
1430 1667 1501 1707 καὶ

134 1740 313 1790 σκῶψαί
336 1752 408 1790 μιν
434 1736 505 1777 καὶ
531 1734 574 1785 ἐς
598 1736 764 1790 γέλωτα
788 1736 1140 1790 προαγαγέσθαι,
1170 1732 1399 1776 ἐπιδοῦναι
1425 1732 1502 1775 αὗ-

132 1813 249 1847 τοῐσι
274 1807 359 1847 τῶν
386 1800 528 1846 ἀσκῶν
555 1802 645 1845 ἕνα·
682 1800 782 1852 τοὺς
815 1802 860 1844 δὲ
893 1800 1023 1844 αὐτοῦ
1051 1798 1200 1857 ὥσπερ
1233 1799 1345 1854 εἶχον
1371 1817 1503 1844 κατα-

134 1870 362 1922 κλιθέντας
387 1875 527 1914 πίνειν
548 1869 844 1920 διανοέεσθαι,
872 1871 943 1911 καὶ
964 1868 1121 1911 ἐκεῖνον
1145 1869 1503 1923 παραλαμβάνειν

133 1942 203 1983 καὶ
229 1940 414 1982 κελεύειν
439 1936 528 1993 μετ>
547 1938 717 1981 ἑωυτῶν
742 1941 946 1991 μείναντα
973 1940 1220 1990 συμπίνειν·
1245 1936 1319 1979 τὸν
1340 1937 1386 1979 δὲ
1405 1953 1505 1980 πει-

135 2011 298 2064 σθῆναί
322 2024 367 2050 τε
394 2006 443 2063 δὴ
471 2008 542 2049 καὶ
567 2015 835 2060 καταμεῖναι.
887 2003 946 2056 ῶς
972 2006 1020 2047 δέ
1043 2022 1116 2059 μιν
1136 2003 1257 2062 παρὰ
1275 2004 1350 2060 τὴν
1370 2005 1504 2048 πόσιν

135 2076 416 2133 φιλοφρόνως
442 2073 699 2131 ἠσπάζοντο,
727 2074 955 2117 ἐπιδοῦναι
981 2071 1152 2116 αὖτοῖσι
1176 2075 1247 2115 καὶ
1274 2070 1402 2115 ἄλλον
1419 2077 1505 2116 τῶν

137 2142 298 2187 ἀσκῶν·
326 2142 507 2198 δαψιλέϊ
535 2143 580 2185 δὲ
605 2147 665 2199 τῷ
693 2147 817 2198 ποτῷ
839 2141 1137 2198 χρησαμένους
1162 2139 1264 2192 τοὺς
1285 2141 1506 2198 φυλάκους

137 2209 531 2267 ὑπερμεθυσθῆναι
561 2212 632 2253 καὶ
663 2214 959 2267 κρατηθέντας
984 2208 1071 2253 ὑπὸ
1097 2214 1174 2253 τοῦ
1207 2206 1344 2252 ὕπνου
1372 2205 1506 2251 αὐτοῦ

138 2278 331 2333 ἔνθαπερ
366 2278 512 2321 ἔπινον
545 2282 935 2335 κατακοιμηθῆναι.
995 2277 1070 2321 τὸν
1103 2278 1148 2320 δὲ
1181 2275 1240 2327 ῶς
1270 2276 1425 2332 πρόσω
1460 2269 1506 2331 ἧν

137 2351 212 2403 τῆς
236 2345 385 2397 νυκτὸς
410 2346 458 2389 τό
485 2363 531 2389 τε
557 2350 684 2401 σῶμα
708 2350 784 2389 τοῦ
813 2344 1027 2403 ἀδελφεοῦ
1054 2346 1294 2388 καταλῦσαι
1324 2346 1396 2386 καὶ
1421 2347 1507 2386 τῶν

139 2414 341 2472 φυλάκων
368 2413 441 2457 ἐπὶ
467 2413 576 2470 λύμῃ
604 2413 777 2456 πάντων
804 2415 986 2469 ξυρῆσαι
1010 2413 1088 2464 τὰς
1109 2411 1253 2465 δεξιὰς
1273 2412 1505 2468 παρηίδας,

140 2481 353 2526 ἐπιθέντα
386 2482 432 2524 δὲ
467 2480 541 2524 τὸν
578 2485 696 2524 νέκυν
736 2480 810 2524 ἐπὶ
841 2480 943 2532 τοὺς
981 2478 1104 2531 ὄνους
1142 2478 1400 2523 ἀπελαύνειν
1438 2477 1504 2522 ἐπ’

140 2551 272 2602 οἴκου,
308 2549 614 2594 ἐπιτελέσαντα
639 2553 688 2605 τῇ
714 2550 843 2605 μητρὶ
867 2547 921 2591 τα
947 2547 1295 2603 προσταχθέντα.
1355 2546 1430 2590 τὸν
1463 2547 1507 2589 δὲ

138 2618 339 2675 βασιλέα,
374 2617 432 2669 ῶς
463 2615 579 2673 αὐτῷ
612 2615 866 2673 ἀπηγγέλθη
900 2620 975 2659 τοῦ
1009 2614 1158 2672 φωρὸς
1190 2614 1211 2658 ὁ
1245 2615 1364 2666 νέκυς
1394 2615 1508 2659 ἔκκε-

139 2686 382 2742 κλεμλιιένος,
413 2684 530 2729 δεινὰ
551 2688 737 2728 ποιέειν
765 2685 939 2735 πάντως
966 2685 1011 2727 δὲ
1035 2684 1298 2739 βουλόμενον
1325 2682 1509 2741 εὑρεθῆ-

140 2773 212 2799 ναι
244 2752 364 2806 ὅστις
395 2754 489 2797 κοτὲ
523 2753 585 2809 εἴη
621 2750 642 2796 ὁ
676 2756 812 2796 ταῦτα
842 2753 1176 2810 μηχανεόιιιενος,
1217 2756 1406 2809 ποιῆσαί
1436 2769 1509 2807 μιν

1195 2820 1259 2855 10‘

1512 580 1540 614 δ)
