1794 3282
259 255 343 298 218
660 257 973 294 HPOAOTOY
1002 257 1040 290 Γ.
1066 256 1210 291 91—94.

259 327 328 388 ἦν·
355 331 446 374 ε’στι
472 328 560 371 δὲ’
543 346 584 371 εν
609 332 670 383 τῶ
690 330 808 383 νοιιῶ
827 326 967 381 τούτω
993 329 1164 381 Φοινίκη
1184 342 1230 368 τε
1249 330 1373 368 πᾶσα
1390 326 1460 367 καὶ
1480 327 1610 379 Συρίη

259 397 284 456 ἡ
320 399 584 450 Παλαιστίνη
626 395 858 449 καλεομένη
901 394 973 435 καὶ
1009 393 1204 448 Κύπρος·
1245 391 1375 447 νομὸς
1415 391 1616 446 ,τέμπτος

261 466 397 514 οὗτος.
459 460 538 505 ἀπ’
565 461 790 517 Αἰγύπτου
834 461 880 503 δὲ
920 461 992 502 καὶ
1028 460 1204 514 Λιβύων
1245 464 1329 502 τῶν
1371 462 1617 538 προσεχέων

259 530 470 586 Αἰγύπτῶ
503 531 573 571 καὶ
598 529 792 585 Κυρήνης
821 544 868 570 τε
898 528 971 569 καὶ
994 527 1164 583 Βάρκης
1195 526 1256 580 (ἒς
1279 526 1359 584 γὰρ
1384 526 1457 570 τὸν
1482 524 1618 581 Αἰγύ-

259 614 386 641 πτιον
410 596 540 651 νομὸν
567 590 696 638 αὗται
722 594 1021 649 ἐκεκοσμέατο)
1054 594 1296 637 ἑπτακόσια
1325 594 1510 651 προσήιε
1541 593 1619 636 τά-

259 667 402 717 λαντα,
430 664 571 719 πάρεξ
592 668 668 706 τοῦ
695 662 739 705 ἐκ
762 666 837 719 τῆς
860 666 1043 719 Μοίριος
1067 663 1214 718 λίμνης
1244 665 1464 718 γινομένου
1492 660 1621 716 ἀργυ-

260 736 368 786 ρίου,
395 730 445 774 τὸ
473 731 632 787 ἐγίνετο
659 730 703 773 ἔκ
726 734 812 773 τῶν
839 729 1023 782 ἰχθύων·
1057 729 1212 771 τούτου
1238 746 1285 772 τε
1312 728 1362 786 δὴ
1385 731 1518 786 χωρὶς
1543 731 1620 770 τοῦ

261 798 464 856 ἀργυρίου
497 801 569 841 καὶ
599 802 675 841 τοῦ
714 797 1073 853 ἒπιμετρεομένου
1113 800 1236 839 σίτου
1271 797 1457 853 προσήιε
1488 795 1622 839 ἕπτα-

261 868 389 909 κόσια
413 868 622 909 τάλαντα·
650 869 769 908 σίτου
795 864 876 921 γὰρ
904 865 1159 907 δυοκαίδεκα
1182 865 1398 920 μυριάδας
1421 863 1623 921 Περσέων

260 952 306 977 τε
330 943 447 977 τοῖσι
474 934 514 977 ἓν
538 938 598 989 τῷ
618 937 770 988 Λευκῷ
794 936 926 986 τείχεϊ
949 936 1009 988 τῷ
1037 931 1078 974 ἒν
1098 935 1251 989 Μέμφι
1274 935 1621 988 κατοικημένοισι

260 1005 599 1057 καταμετρέουσι
617 1002 689 1042 καὶ
713 1008 831 1042 τοῖσι
848 1000 1013 1042 τούτων
1034 1000 1326 1055 ἐπικούροισι·
1352 999 1482 1054 νομὸς
1503 999 1622 1050 ἕκτος

263 1063 402 1119 οὗτος.
462 1068 735 1123 Σατταγύδαι
761 1068 806 1109 δὲ
831 1069 901 1109 καὶ
920 1067 1156 1123 Γανδάριοι
1181 1069 1252 1109 καὶ
1272 1068 1456 1110 Δαδίκαι
1479 1083 1526 1110 τε
1550 1067 1622 1108 καὶ

258 1134 495 1193 Ἀπαρύται
526 1134 568 1185 ἐς
597 1132 736 1176 τῶυτὸ
768 1137 1019 1189 τεταγμένοι
1051 1134 1343 1190 ἑβδομήκοντα
1374 1136 1446 1176 καὶ
1472 1133 1622 1176 ἑκατὸν

263 1204 451 1245 τάλαντα
477 1201 768 1258 προσέφερον·
794 1200 925 1255 νομὸς
951 1195 1076 1251 οὗτος
1097 1201 1293 1255 ἕβδομος.
1332 1200 1420 1244 ἀπὸ
1442 1202 1621 1244 Σούσων

265 1271 312 1312 δὲ
335 1272 407 1312 καὶ
431 1274 505 1325 τῆς
526 1268 654 1325 ἄλλης
673 1273 865 1311 Κισσίων
881 1269 1023 1324 χώρης
1041 1269 1286 1324 τριηκόσια·
1312 1268 1443 1322 νομὸς
1469 1266 1622 1324 ὄγδοος

207 1351 240 1375 92
267 1332 405 1387 οὗτος.
473 1335 562 1379 ἀπὸ
599 1338 859 1390 Βαβυλῶνος
897 1336 942 1377 δὲ
984 1338 1053 1377 καὶ
1096 1340 1171 1391 τῆς
1209 1337 1365 1391 λοιπῆς
1400 1334 1622 1392 Ἀσσυρίης

262 1405 381 1458 χίλιά
408 1404 449 1446 οἱ
481 1403 664 1459 προσήιε
693 1403 882 1444 τάλαντα
908 1400 1110 1459 ἀργυρίου
1143 1404 1213 1444 καὶ
1246 1403 1402 1453 παῖδες
1428 1402 1623 1457 ἐκτομίαι

265 1471 564 1515 πεντακόσιοι·
601 1468 732 1524 νομὸς
763 1470 929 1520 ε’ίνατος
961 1463 1100 1520 οὗτος.
1163 1467 1252 1513 ἀπὸ
1285 1470 1332 1512 δὲ
1358 1467 1623 1525 ,Ἀγβατάνων

264 1542 336 1582 καὶ
366 1543 440 1595 τῆς
472 1540 626 1593 λοιπῆς
655 1537 847 1593 Μηδικῆς
877 1539 948 1579 καὶ
979 1540 1250 1593 Παρικανίων
1280 1538 1351 1579 καὶ
1372 1535 1624 1593 Ὀρθοκορυ-

265 1610 451 1661 βαντίων
487 1604 750 1660 πεντήκοντά
781 1621 828 1646 τε
858 1606 930 1646 καὶ
959 1605 1219 1661 τετρακόσια
1248 1605 1458 1647 τάλαντα·
1495 1603 1625 1658 νομὸς

267 1676 443 1723 δέκατος
469 1666 607 1722 οἶτος.
661 1672 859 1714 Κάσπιοι
885 1673 931 1714 δὲ
955 1674 1026 1714 καὶ
1050 1674 1220 1715 Παυσοὶ
1250 1674 1321 1714 καὶ
1345 1675 1627 1726 Παντίμαθοί

265 1759 311 1784 τε
335 1742 408 1783 καὶ
432 1746 640 1796 Δαρεῖται
665 1738 707 1790 ἐς
730 1737 870 1782 τώυτὸ
898 1743 1188 1796 συμφέροντες
1214 1740 1414 1818 διηκόσια
1438 1740 1626 1782 τάλαντα

267 1807 521 1864 ἀπαγίνεον·
557 1805 688 1861 νομὸς
714 1806 934 1858 ἑνδέκατος
961 1808 1098 1858 οὗτος.
1156 1805 1245 1849 ἀπὸ
1271 1812 1547 1863 Βακτριανῶν
1579 1808 1626 1850 δὲ

265 1880 389 1931 μέχρι
413 1874 584 1930 Αἰγλῶν
610 1873 811 1930 εξήκοντα
835 1877 907 1917 καὶ
931 1875 1159 1931 τριηκόσια
1184 1875 1373 1917 τάλαιτα
1398 1876 1535 1931 φόρος
1553 1868 1623 1930 ἦν·

210 1958 243 1982 93
268 1941 398 1995 νομὸς
424 1942 692 1992 δυωδέκατος
712 1935 849 1992 οὗτος.
888 1940 977 1985 ἀπὸ
998 1946 1236 1998 Πακτυϊκῆς
1256 1943 1302 1984 δὲ
1321 1940 1625 1999 καὶᾍρμενίων

267 2011 339 2051 καὶ
362 2013 447 2051 τῶν
472 2012 716 2063 προσεχέων
735 2013 857 2063 μέχρι
876 2013 953 2051 τοῦ
972 2010 1133 2051 πόντου
1154 2013 1230 2051 τοῦ
1250 2007 1454 2061 Εὐξείνου
1474 2026 1626 2065 τετρα-

266 2077 396 2119 κόσια
420 2076 626 2117 τάλαντα·
652 2074 782 2129 νομὸς
807 2079 950 2131 τρίτος
975 2078 1046 2117 καὶ
1072 2077 1247 2126 δέκατος
1273 2069 1411 2126 οὗτος.
1461 2074 1550 2119 ἀπὸ
1578 2077 1624 2119 δὲ

268 2145 520 2198 Σαγαρτίων
545 2143 615 2183 καὶ
633 2142 888 2199 Σαραγγέων
913 2145 983 2185 καὶ
1005 2147 1260 2196 Θαμαναίων
1279 2145 1349 2185 καὶ
1372 2141 1533 2186 Οὐτίων
1552 2144 1623 2186 καὶ

267 2211 422 2253 Μύκων
448 2211 518 2251 καὶ
543 2213 628 2251 τῶν
654 2208 695 2252 ἒν
720 2214 819 2266 τῇσι
843 2211 1011 2266 νήσοισι
1032 2210 1256 2253 οἰκεόντων
1275 2215 1360 2253 τῶν
1381 2210 1421 2253 ἐν
1440 2215 1491 2266 τῇ
1507 2209 1625 2267 Ἐρυ-

267 2282 356 2334 θρῇ
392 2276 617 2332 θαλάσσῃ,
658 2276 698 2319 ἐν
733 2281 832 2333 τῇσι
861 2277 961 2328 τοὺς
998 2275 1307 2327 ἀνασπάστους
1342 2279 1624 2332 καλεομένους

267 2344 500 2395 κατοικίζει
529 2344 751 2397 βασιλεύς,
792 2342 881 2388 ἀπὸ
913 2344 1077 2387 τούτων
1108 2345 1283 2387 πάντων
1315 2344 1522 2397 ἑξακόσια
1546 2345 1626 2387 τά-

266 2414 399 2455 λαντα
425 2410 582 2466 ἐγίνετο
610 2411 765 2468 φόρος·
797 2411 927 2465 νομὸς
951 2415 1153 2469 τέταρτος
1177 2414 1250 2454 καὶ
1282 2413 1458 2463 δέκατος
1485 2406 1622 2464 οὗτος.

267 2480 405 2523 Σάκαι
436 2479 481 2520 δὲ
512 2479 583 2520 καὶ
607 2479 804 2521 Κάσπιοι
834 2480 1095 2536 πεντήκοντα
1125 2481 1196 2521 καὶ
1229 2479 1430 2535 διηκόσια
1456 2478 1623 2535 ἀγίνεον

267 2547 474 2588 τάλαντα·
505 2544 635 2599 νομὸς
660 2549 859 2599 πέμπτος
884 2548 953 2588 καὶ
980 2547 1155 2598 δέκατος
1181 2540 1320 2597 οὗτος.
1370 2547 1550 2602 Πάρθοι
1575 2547 1623 2590 δὲ

267 2615 336 2654 καὶ
352 2612 598 2668 Χοράσμιοι
612 2614 683 2654 καὶ
696 2612 853 2666 Σόγδοι
867 2630 913 2656 τε
927 2616 997 2656 καὶ
1007 2612 1159 2669 Ἄρειοι
1172 2615 1397 2670 τριηκόσια
1411 2615 1600 2657 τάλαντα
1610 2625 1621 2636 ·

211 2693 244 2718 94
270 2679 397 2733 νομὸς
412 2679 529 2729 ἕκτος
549 2681 619 2721 καὶ
640 2680 817 2729 δέκατος
843 2674 979 2731 οὗτος.
1028 2682 1285 2738 Παρικάνιοι
1305 2682 1352 2724 δὲ
1371 2684 1441 2724 καὶ
1454 2681 1619 2725 Αἰθίο-

268 2763 348 2798 πες
369 2746 409 2788 οἱ
429 2745 472 2788 ἐκ
489 2744 711 2802 τῆςᾌσίης
729 2748 985 2802 τετρακόσια
1003 2749 1192 2792 τάλαντα
1212 2747 1463 2805 ἀπαγίνεον·
1488 2746 1618 2801 νομὸς

404 2915 419 2939 K
