1794 3282
229 457 276 482 135

232 1336 280 1361 186

236 1808 281 1833 157

302 234 386 275 312
678 237 994 272 ΗΡΟΔΟΤΟΥ
1024 237 1065 270 Δ.
1092 236 1284 270 18-1-187,

302 313 499 365 λέγονται
525 308 571 349 δὲ
598 304 695 349 οὔτε
723 306 918 360 ε’,ιιψυχον
945 303 1069 347 οὐδὲν
1102 308 1332 348 σιτέεσθαι
1358 302 1456 348 οὔτε
1488 304 1666 348 ἐνύπνια

304 375 421 433 ὁρᾶν.

385 445 522 498 7Μέχρι
545 441 621 495 μὲν
648 439 698 519 δὴ
724 445 809 483 τιῦν
824 438 1056 483 Ἷτλάντων
1081 440 1244 482 τούτων
1270 439 1350 492 ἔχω
1370 438 1425 483 τὰ
1445 438 1666 494 οὐνόματα

302 513 384 553 τῶν
410 508 451 552 ἐν
476 513 527 565 τῇ
555 506 696 565 ὀφρύῃ
718 511 1036 588 κατοικημένων
1055 509 1298 559 καταλέξαι,
1326 505 1375 550 τὸ
1403 505 1443 549 δ
1461 505 1551 550 άπὸ
1565 508 1666 550 τού-

301 594 385 621 των
412 574 564 620 οὐκέτι.
627 576 765 632 διήκει
792 573 831 618 δ’
850 577 908 618 ών
933 593 957 631 η
986 573 1127 632 ὀφρύη
1159 578 1283 632 μέχρι
1303 572 1539 632 Ηρακλέων
1565 591 1667 656 στη-

303 647 409 687 λέων
439 646 512 686 καὶ
542 642 591 686 τὸ
625 643 704 696 ἔξω
736 644 915 686 τούτων.
978 659 1070 686 εστι
1102 643 1148 685 δὲ
1180 641 1284 693 ἁλός
1313 659 1359 685 τε
1389 641 1642 696 μέταλλον’
1624 659 1668 685 εν

303 710 408 769 αὐτῇ
436 710 509 754 διὰ
531 712 632 754 δέκα
657 710 848 768 ἡμερέων
877 709 980 754 ὁδοῦ
1001 712 1073 753 καὶ
1095 708 1331 767 ἅνθρωποι
1352 708 1574 760 οἰκέοντες.
1611 708 1665 753 τὰ

303 781 348 823 δὲ
381 779 496 822 οἰκία
526 779 723 822 τούτοισι
754 783 867 822 πᾶσι
900 778 943 821 ἐκ
973 783 1058 821 τιῦν
1090 776 1247 821 ἁλίνων
1274 778 1466 832 χόνδριον
1498 777 1668 820 οἰκοδο-

301 851 473 902 μέαται.
534 851 671 890 ταῦτα
701 845 781 903 γὰρ
814 844 892 902 ’ἤδη
930 851 1005 902 τῆς
1035 846 1202 902 Λιβύης
1233 842 1429 900 ἄνομβροι
1468 845 1578 888 ἐστι·
1618 842 1666 887 οὗ

303 915 382 972 γὰρ
416 913 466 957 ἂν
500 914 700 957 ἐδυνέατο
731 918 873 968 μένειν
906 914 947 956 οἱ
982 923 1123 967 τοῖχοι
1154 913 1295 964 ἐόντες
1332 910 1491 965 ἅλινοι,
1531 912 1569 955 εἰ
1605 905 1667 954 ὗε.

304 980 325 1027 ὂ
354 983 399 1026 δὲ
425 982 502 1033 ἃλς
528 980 689 1026 αὐτόθι
714 984 785 1024 καὶ
806 981 954 1032 λευκὸς
974 983 1045 1025 καὶ
1065 981 1317 1038 πορφύρεος
1335 978 1384 1023 τὸ
1406 978 1520 1031 εἶδος
1540 978 1670 1037 ὀρύσ-

305 1067 439 1094 σεται.
501 1048 608 1107 ὑπὲρ
637 1050 682 1092 δὲ
711 1053 785 1103 τῆς
813 1047 980 1107 ὀφρύης
1010 1050 1185 1105 ταύτης,
1217 1048 1268 1092 τὸ
1300 1047 1412 1105 πρὸς
1442 1048 1566 1091 νότον
1596 1049 1669 1090 καὶ

302 1119 541 1174 μεσόγαιαν
571 1121 646 1174 τῆς
670 1117 854 1173 Λιβύης,
895 1117 1050 1173 ἕρημος
1081 1119 1150 1159 καὶ
1184 1114 1365 1172 ἄνυδρος
1395 1117 1467 1158 καὶ
1499 1113 1670 1172 ἄθηρος

302 1188 373 1229 καὶ
399 1183 615 1241 ἄνομβρος
639 1188 710 1227 καὶ
737 1182 892 1236 ἄξυλος
924 1183 1016 1228 ἐστι
1042 1183 1065 1240 ἡ
1090 1184 1228 1239 χώρη,
1261 1185 1332 1226 καὶ
1365 1182 1544 1237 ἰκμάδος
1576 1182 1667 1226 ἐστὶ

306 1254 348 1298 ἐν
375 1252 481 1310 αὖτῇ
509 1251 646 1295 οὐδέν.

393 1318 511 1364 Οὕτω
537 1321 613 1374 μὲν
638 1324 761 1375 μέχρι
786 1324 860 1376 τῆς
891 1319 1146 1375 Τριτωνίδος
1176 1320 1325 1373 λίμνης
1352 1315 1424 1360 ἀπ’
1441 1316 1668 1372 Αἰγύπτου

305 1389 489 1443 νοιιάδες
515 1388 600 1431 εισὶ
625 1388 861 1467 κρεοφάγοι
888 1403 931 1429 τε
956 1388 1028 1428 καὶ
1051 1385 1375 1442 γαλακτοπόται
1399 1388 1571 1438 Λίβυες,
1598 1386 1670 1427 καὶ

304 1458 476 1512 θηλέων
495 1472 540 1497 τε
559 1459 674 1509 βοιῦν
701 1453 794 1497 σι’τι
812 1455 1048 1510 γευόμενοι,
1078 1453 1277 1508 διότιπερ
1298 1450 1398 1495 ουδὲ
1415 1452 1669 1508 Αἰγύπτιοι,

304 1541 374 1566 και
402 1525 447 1574 ὑς
474 1520 522 1565 οὗ
550 1526 791 1579 τρέφοντες.
828 1526 943 1576 βοιῦν
968 1520 1044 1576 μέν
1070 1539 1141 1564 νυν
1167 1522 1338 1577 θηλέων
1359 1518 1452 1564 ουδ’
1465 1521 1511 1563 αἱ
1529 1527 1672 1577 Κυρη-

306 1595 434 1635 ναίων
459 1599 651 1646 γυναῑκες
680 1590 894 1633 δικαιεῦσι
919 1589 1170 1633 πατέεσθαι
1197 1588 1268 1631 διὰ
1294 1607 1368 1645 την
1394 1605 1435 1631 εν
1459 1587 1671 1644 Αἰγύπτῳ

300 1654 412 1711 Ἶσιν,
447 1656 555 1700 ἀλλὰ
580 1660 651 1700 καὶ
676 1663 879 1714 νηστηίας
906 1656 1010 1714 αὐτῇ
1037 1659 1108 1700 καὶ
1134 1655 1263 1712 ὁρτὰς
1295 1655 1586 1699 ἕπιτελέουσι’
1626 1655 1672 1698 αἱ

308 1728 353 1770 δὲ
389 1730 475 1769 τιῦν
506 1730 734 1783 Βαρκαίων
770 1734 964 1781 γυναῖκες
1005 1723 1104 1768 οὐδὲ
1140 1723 1225 1767 ὗιῦν
1262 1723 1373 1780 πρὸς
1408 1728 1508 1780 τῇσι
1542 1725 1673 1779 βουσὶ

306 1795 518 1851 γεύονται.
579 1798 716 1837 ταῦτα
749 1794 825 1848 μὲν
858 1792 907 1850 δὴ
935 1790 1045 1836 οὕτω
1073 1792 1169 1846 ἔχει,
1197 1791 1246 1836 τὸ
1275 1792 1320 1835 δὲ
1345 1791 1454 1849 πρὸς
1487 1791 1674 1848 ἑσπέρης

306 1868 380 1919 τῆς
410 1862 667 1919 Τριτωνίδος
692 1863 840 1917 λίμνης
867 1859 1008 1904 οὗκέτι
1033 1861 1219 1915 νομάδες
1250 1860 1334 1903 εἰσὶ
1358 1863 1536 1914 Λίβυες,
1571 1858 1672 1902 οὐδὲ

308 1932 482 1984 νόμοισι
513 1938 631 1972 τοῖσι
662 1927 834 1972 αὖτοῐσι
861 1929 1106 1984 χρεόμενοι,
1148 1925 1248 1970 οὐδὲ
1283 1926 1392 1970 κατὰ
1427 1926 1482 1970 τὰ
1512 1927 1672 1970 παιδία

308 2002 532 2047 ποιεῦντες
570 1995 662 2039 οἶόν
698 2014 741 2039 τι
772 1998 843 2039 καὶ
881 1996 921 2038 οἱ
958 1997 1142 2049 νομάδες
1179 1994 1351 2037 ἐώθασι
1388 1994 1567 2037 ποιέειν,
1630 1994 1672 2037 οἱ

310 2065 389 2120 γὰρ
429 2063 478 2120 δη
509 2068 594 2106 τιῦν
625 2063 800 2117 Λιβύων
836 2063 1036 2116 νομάδες,
1077 2062 1115 2104 εἰ
1149 2063 1226 2115 μὲν
1262 2062 1438 2112 πάντες,
1479 2059 1553 2103 οὐκ
1590 2060 1670 2113 ἔχω

309 2130 520 2188 ἀτρεκέως
545 2135 671 2173 τοῦτο
698 2128 839 2182 εἶπαι,
874 2134 1051 2173 ποιεῦσι
1078 2130 1123 2171 δὲ
1149 2127 1289 2171 αὗτιῦν
1323 2130 1465 2181 συχνοὶ
1499 2128 1670 2170 τοιάδε·

308 2203 394 2242 τιῦν
426 2199 616 2242 παιδίων
653 2202 738 2240 τιῦν
776 2196 1014 2254 σφετέρων,
1055 2195 1185 2239 ἐπεὰν
1221 2200 1450 2251 τετραέτεα
1485 2199 1669 2251 γένηται,

311 2267 445 2322 οἴσπῃ
476 2265 711 2321 προβάτων
742 2269 916 2307 καίουσι
946 2263 1024 2315 τὰς
1051 2263 1091 2307 ἓν
1123 2268 1222 2320 τῇσι
1247 2267 1463 2320 κορυφῇσι
1494 2264 1670 2319 φλέβας,

309 2336 577 2389 μετεξέτεροι
614 2334 659 2375 δὲ
697 2330 836 2375 αὐτῶν
871 2331 949 2382 τὰς
987 2331 1028 2374 έν
1064 2340 1182 2374 τοῖσι
1222 2331 1502 2388 κροτάφοισι,
1547 2331 1673 2373 τοῦδε

312 2402 464 2446 εἵνεκεν
502 2399 561 2452 ὥς
596 2402 653 2457 μή
694 2417 832 2457 σφεας
869 2399 912 2450 ἐς
955 2397 1029 2442 τὸν
1066 2400 1212 2442 πάντα
1245 2399 1397 2454 χρόνον
1439 2401 1673 2454 καταρρέον

312 2472 481 2527 φλέγμα
508 2468 552 2512 ἐκ
575 2473 651 2525 τῆς
675 2470 865 2525 κεφαλῆς
896 2468 1111 2523 δηλέηται.
1171 2469 1243 2509 καὶ
1276 2465 1349 2509 διὰ
1373 2465 1501 2509 τοῦτό
1535 2482 1675 2522 σφεας

313 2541 485 2594 λέγουσι
511 2535 619 2580 εἶναι
643 2534 963 2592 ὑγιηροτάτους.
996 2533 1081 2577 εἶσὶ
1105 2532 1185 2591 γὰρ
1213 2532 1272 2585 ὥς
1292 2532 1494 2590 ἀληθέως
1513 2537 1674 2588 Λίβυες

315 2604 566 2661 ἀνθρώπων
591 2604 766 2647 πάντων
791 2601 1071 2659 ὑγιηρότατοι
1095 2606 1180 2645 τῶν
1205 2600 1328 2659 ἡμεῖς
1358 2602 1500 2656 ἰ’δμεν·
1534 2601 1573 2644 εἰ
1595 2602 1674 2655 μὲν

315 2673 388 2716 διὰ
406 2678 547 2725 τοῦτο,
570 2670 646 2716 οὐκ
667 2672 746 2725 ἔχω
763 2668 974 2727 ἀτρεκέως
995 2667 1129 2721 εἶπαι,
1151 2668 1429 2726 ὑγιηρότατοι
1449 2661 1560 2711 δ’ὦν
1575 2668 1672 2711 εἰσί.

313 2739 362 2797 ἢν
390 2741 435 2783 δὲ
460 2745 630 2784 καίουσι
656 2738 709 2782 τὰ
735 2739 894 2782 παιδία
921 2736 1126 2791 σπασμὸς
1152 2736 1417 2793 ἐπιγένηται,
1452 2735 1674 2793 ἐξεύρηταί
