1794 3282
280 239 364 282 272
681 244 996 280 ΗΡΟΔΟΤΟΥ
1026 244 1068 278 Δ.
1096 244 1241 279 75-77.

279 320 352 359 καὶ
376 315 552 369 λιβάνου
580 314 727 366 ξύλου,
761 314 832 355 καὶ
859 312 1026 355 ἔπειτεν
1056 311 1106 355 τὸ
1132 313 1486 367 κατασωχόμενον
1517 317 1645 357 τοῦτο

281 382 396 435 παχὺ
424 381 492 424 ἑὸν
517 380 904 424 καταπλάσσονται
928 384 1016 423 πᾶν
1041 379 1115 423 τὸν
1141 384 1268 434 σῶμα
1298 385 1369 424 καὶ
1393 380 1442 424 τὸ
1468 381 1647 438 πρόσω-

278 461 383 493 πον·
420 450 491 491 καὶ
518 444 609 502 ἅμα
632 448 708 502 μὲν
735 445 891 504 εὗωδίη
920 451 1058 504 σφέας
1083 445 1174 490 ἀπὸ
1201 447 1357 490 τούτου
1385 449 1513 502 ἰ’σχει,
1555 445 1645 502 ἅμα

280 518 326 560 δὲ
353 514 648 572 ἀπαιρέουσαι
667 519 719 572 τῇ
741 515 915 571 δευτέρῃ
936 513 1070 571 ἡμέρῃ
1090 513 1165 571 τὴν
1185 515 1490 558 καταπλαστὺν
1508 520 1646 572 γίνον-

278 601 351 627 ται
375 587 572 641 καθαραὶ
597 585 669 625 καὶ
694 584 906 638 λαμπραί.

222 666 255 690 76
364 659 601 695 Ξεινικοῖσι
621 651 666 693 δὲ
686 654 909 704 νομαίοισι
927 651 999 693 καὶ
1019 644 1142 693 οῦτοι
1162 649 1292 701 αἰνῶς
1312 650 1524 707 φεύγουσι
1541 654 1647 707 χρᾶ-

281 724 404 771 σθαι,
431 716 487 773 μὴ
516 722 775 774 τοιγαρῶν
801 715 983 770 ἄλλων,
1007 715 1290 773 Ἑλληνικοῖσι
1316 719 1362 760 δὲ
1379 720 1451 760 καὶ
1475 715 1645 774 ἥκιστα,

280 784 339 837 ιῦς
366 786 558 837 διέδεξαν
573 783 798 843 Ἀναχάρσι
822 802 868 828 τε
893 787 965 828 καὶ
986 785 1165 841 δεύτερα
1188 779 1308 837 αὖτις
1326 786 1480 842 Σκύλῃ.
1517 789 1647 829 τοῦτο

279 855 355 909 μὲν
380 853 460 910 γὰρ
479 851 728 909 Ἀνάχαρσις
751 852 895 896 επείτε
914 856 988 909 γῆν
1007 852 1171 910 πολλὴν
1192 854 1424 909 θεωρήσας
1443 854 1515 896 καὶ
1535 851 1649 896 ἀπο-

283 922 514 975 δεξάμενος
533 919 621 964 κατ)
634 919 766 977 αὐτὴν
787 924 945 977 σοφίην
964 919 1170 977 πολλὴν’
1153 925 1297 975 εκομίς
1279 921 1371 964 Γετο
1399 919 1441 971 ἒς
1461 918 1577 976 ἤθεα
1595 918 1649 963 τὰ

281 988 501 1040 Σκυθέων,
529 989 690 1031 πλωων
718 987 770 1032 δι’
794 986 1110 1045 Ἑλλησπόντου
1136 1005 1368 1045 προσισχει
1393 988 1435 1040 ἐς
1454 989 1646 1041 Κύζικον,

282 1058 354 1098 καὶ
386 1058 481 1112 εὑρε
511 1056 591 1114 γὰρ
623 1061 674 1113 τῇ
706 1058 836 1112 μητρὶ
866 1060 951 1099 τῶν
983 1060 1102 1099 θεῶν
1135 1053 1372 1111 ἀνάγοντας
1396 1073 1497 1107 τους
1521 1056 1649 1108 Κυζι-

282 1141 331 1165 71
320 1140 433 1180 νους
465 1122 592 1181 ὁρτὴν
617 1125 755 1179 κάρτα
779 1125 1167 1180 μεγαλοπρεπέως,
1206 1121 1357 1176 εύξατο
1388 1128 1440 1179 τῇ
1470 1125 1599 1180 μητρὶ
1626 1121 1648 1166 5

278 1190 545 1249 Ἀνάχαρσις,
585 1189 635 1247 ἢν
673 1191 777 1241 σόος
813 1192 885 1233 καὶ
922 1188 1043 1247 ὑγιὴς
1080 1188 1358 1247 ἀπονοστήσῃ
1398 1190 1440 1242 ἐς
1472 1190 1648 1241 ἑωυτοῦ,

284 1260 441 1303 θύσειν
472 1276 518 1302 τε
549 1257 657 1301 κατὰ
688 1256 827 1301 ταύτὰ
857 1257 966 1301 κατὰ
999 1256 1091 1315 ὥρα
1121 1258 1224 1309 τοὺς
1254 1257 1512 1314 Κυζικηνοὺς
1549 1275 1651 1301 ποι-

284 1331 433 1377 εῦντας
469 1328 540 1369 καὶ
577 1326 816 1378 παννυχίδα
853 1326 1039 1382 στήσειν.
1100 1324 1159 1376 ὥς
1197 1326 1242 1368 δὲ
1280 1323 1461 1369 ἀπίκετο
1500 1325 1542 1376 ἐς
1577 1325 1652 1381 τὴν

282 1394 513 1448 Σκυθικήν,
548 1392 736 1443 καταδὺς
767 1393 810 1443 ἐς
840 1392 915 1448 τὴν
946 1392 1203 1448 καλεομένην
1228 1391 1392 1449 Ὑλαίην
1423 1391 1464 1449 (ἡ
1498 1390 1536 1435 δ’
1561 1392 1653 1436 ἐστὶ

282 1463 359 1515 μὲν
384 1459 506 1515 παρὰ
531 1460 604 1503 τὸν
620 1458 854 1516 Ἀχιλλήιον
881 1460 1053 1517 δρόμον,
1081 1460 1279 1515 τυγχάνει
1304 1461 1350 1503 δὲ
1375 1464 1500 1503 πᾶσα
1523 1460 1654 1503 ἐοῦσα

284 1528 492 1583 δενδρέων
523 1532 742 1571 παντοίων
773 1529 901 1584 πλέη)
935 1527 978 1579 ἒς
1007 1528 1164 1584 ταύτην
1197 1527 1247 1584 δὴ
1278 1526 1466 1579 καταδὺς
1492 1526 1514 1571 5
1536 1526 1654 1573 Ξίνά-

280 1612 436 1652 χαρσις
465 1594 540 1652 τὴν
572 1594 699 1652 ὁρτὴν
732 1600 878 1639 πᾶσαν
910 1595 1108 1639 ἐπετέλεε
1138 1600 1190 1652 τῇ
1221 1599 1317 1652 θεῷ
1352 1595 1577 1651 τύμπανόν
1608 1613 1654 1639 τε

243 1696 246 1698 ψ
285 1664 390 1716 ἔχων
422 1665 493 1706 καὶ
526 1663 814 1720 ἐκδησάμενος
846 1661 1089 1719 ἀγάλματα.
1139 1665 1212 1706 καὶ
1240 1667 1327 1707 τῶν
1356 1680 1423 1715 τις
1447 1666 1653 1707 Σκυθέων

285 1733 619 1789 καταφρασθεὶς
645 1729 774 1775 αὐτὸν
798 1736 936 1775 ταῦτα
960 1736 1168 1775 ποιεῦντα
1195 1731 1377 1788 ἐσήμηνε
1401 1735 1464 1788 τῷ
1481 1730 1656 1786 βασιλέϊ

284 1801 479 1856 Σαυλίῳ·
517 1797 539 1842 5
575 1800 620 1842 δὲ
651 1801 723 1842 καὶ
755 1797 885 1850 αὐτὸς
922 1797 1186 1854 ἀπικόμενος
1224 1797 1282 1851 ὥς
1319 1797 1406 1842 εἶδε
1436 1799 1510 1842 τὸν
1536 1797 1654 1843 Ἀνά-

284 1883 435 1925 χαρσιν
465 1871 675 1910 ποιεῦντα
704 1872 858 1920 ταῦτα,
891 1867 1100 1919 τοξεύσας
1125 1865 1254 1910 αὐτὸν
1286 1864 1522 1910 ἀπέκτεινε.
1583 1868 1655 1909 καὶ

285 1940 356 1977 νῦν
383 1932 428 1990 ἤν
454 1951 519 1985 τις
546 1935 712 1990 εἴρηται
737 1937 839 1989 περὶ
853 1933 1140 1990 Ἀναχάρσιος,
1171 1932 1221 1978 οὕ
1247 1939 1360 1992 φασί
1382 1953 1455 1989 μιν
1480 1935 1654 1978 Σκύθαι

285 2003 521 2057 γινώσκειν,
551 2001 623 2044 διὰ
648 2006 777 2045 τοῦτο
805 2000 873 2045 ὅτι
900 2001 1135 2058 ἐξεδήμησέ
1158 2019 1205 2045 τε
1231 2001 1273 2053 ἐς
1291 2001 1366 2058 τὴν
1381 2001 1563 2045 Ἑλλάδα
1582 2004 1653 2045 καὶ

287 2071 512 2121 ξεινικοῖσι
544 2068 669 2112 ἐ’θεσι
701 2067 970 2125 διεχρήσατο.
1027 2067 1086 2120 ὦς
1118 2067 1158 2111 δ’
1177 2068 1259 2125 ἐγώ
1291 2068 1454 2126 ἤκουσα
1489 2074 1651 2124 Τίμνεω

286 2140 363 2179 τοῦ
384 2134 688 2191 ᾍριαπείθεος
714 2135 970 2193 ἐπιτρόπου,
999 2134 1108 2179 εἶναι
1129 2135 1258 2180 αὐτὸν
1273 2134 1553 2193 Ἰδανθύρσου
1574 2143 1652 2180 τοῦ

287 2203 493 2247 Σκυθέων
517 2205 721 2258 βασιλέος
746 2205 936 2261 πάτρων,
969 2205 1110 2247 παῖδα
1142 2205 1188 2247 δὲ
1219 2202 1330 2248 εἶναι
1353 2207 1544 2261 Γνούρου
1575 2209 1652 2248 τοῦ

286 2273 431 2315 Λύκου
458 2275 534 2314 τοῦ
562 2275 945 2326 Σπαργαπείθεος.
1003 2272 1041 2314 εἰ
1068 2266 1125 2315 ὦν
1149 2274 1309 2329 ταύτης
1338 2267 1388 2329 ἧν
1417 2277 1492 2329 τῆς
1518 2273 1653 2330 οἷκίης

288 2339 311 2382 5
333 2338 604 2418 Αιάχαρσις,
632 2339 739 2382 ἰστω
766 2337 854 2382 ὑπὸ
880 2343 957 2382 τοῦ
984 2337 1200 2404 ἀδελφεοῦ
1227 2338 1490 2383 ἀποθανών·
1523 2338 1655 2384 Ἰδάν-

288 2412 456 2463 θυρσος
480 2406 560 2464 γὰρ
581 2405 628 2462 ήν
648 2415 756 2458 παῖς
775 2409 912 2451 Σαυλ
897 2424 976 2460 ιου,
1004 2396 1191 2459 Σαύλιος
1217 2408 1304 2451 δὲ’
1283 2402 1332 2465 ἦν
1353 2406 1375 2451 5
1398 2406 1656 2460 ἀποκτείνας

231 2491 264 2515 ἰτ
286 2474 547 2531 ζΙνάχαρσιν.
606 2478 749 2517 καίτοι
783 2474 880 2518 τινὰ
916 2473 997 2532 ἤδη
1034 2473 1200 2532 ἤκουσα
1236 2476 1363 2532 λόγον
1402 2474 1531 2519 ἄλλον
1568 2474 1655 2520 ῦπὸ

290 2545 648 2599 Πελοποννησίων
674 2543 913 2599 λεγόμενον,
943 2541 1002 2595 ὥς
1021 2541 1108 2587 ὑπὸ
1133 2547 1210 2587 τοῦ
1229 2547 1436 2588 Σκυθέων
1454 2547 1658 2599 βασιλέος

286 2609 534 2667 Ἀνάχαρσις
561 2608 883 2668 ἀποπεμφθεὶς
913 2616 988 2668 τῆς
1008 2610 1210 2663 Ἑλλάδος
1239 2611 1444 2668 μαθητὴς
1473 2616 1654 2668 γένοιτο,

293 2677 436 2721 ὀπίσω
474 2695 521 2721 τε
559 2676 866 2735 ἀπονοστήσας
909 2683 1017 2737 φαίη
1062 2678 1174 2735 πρὸς
1215 2679 1289 2722 τὸν
1326 2678 1659 2736 ἀποπέμψαντα

279 2743 486 2803 (Έλληνας
517 2746 685 2798 πάντας
716 2745 929 2800 ἀσχόλους
960 2745 1071 2791 εἶναι
1102 2747 1145 2799 ἒς
1176 2752 1323 2792 πᾶσαν
1357 2751 1515 2806 σοφίην
1545 2745 1658 2800 πλὴν
