1794 3282
230 235 300 277 20γ
636 240 950 276 ΗΡΟΔΟΤΟΥ
979 240 1020 273 A.
1047 240 1101 274 50.
1127 241 1182 275 51.

230 313 428 369 μεγάλην,
456 314 671 361 κατέκαιε,
701 308 884 360 ἐλπίζων
910 306 983 350 τὸν
1009 306 1115 350 θεὸν
1140 309 1302 361 μᾶλλόν
1328 327 1370 352 τι
1394 309 1591 352 τούτοισι

233 378 576 434 ἀνακτήσεσθαι·
613 377 802 421 Λυδοῖσί
837 391 883 418 τε
920 378 1033 418 πᾶσι
1063 384 1250 430 προεῖπε
1280 377 1407 419 θύειν
1444 378 1590 420 πάντα

230 445 326 489 τινὰ
351 443 490 487 αὐτῶν
515 447 642 486 τοῦτο
670 441 695 485 5'
718 460 761 485 τι
787 441 876 495 ἔχοι
897 441 1086 492 ἕκαστος.
1126 440 1184 493 ῶς
1206 444 1252 485 δὲ
1272 443 1316 485 ἔκ
1336 448 1409 500 τῆς
1430 448 1590 499 θυσίης

232 513 412 568 ἐγένετο,
463 510 776 563 καταχεάμενος
815 507 972 565 χρυσὸν
1016 507 1202 552 ἄπλετον
1243 508 1509 566 ἡμιπλίνθια
1546 510 1592 563 ἐξ

232 579 365 622 αὐτοῦ
397 578 614 634 ἐξήλαυνε,
655 576 729 619 ἐπὶ
758 577 834 630 μὲν
866 575 920 619 τὰ
949 576 1194 633 μακρότερα
1231 581 1393 620 ποιέων
1426 578 1591 630 ἑξαπά-

232 649 405 697 λαιστα,
435 645 509 688 ἐπὶ
535 646 581 687 δὲ
605 643 659 687 τὰ
683 644 924 699 βραχύτερα
948 644 1262 698 τριπάλαιστα,
1290 641 1405 699 ὕψος
1431 645 1477 686 δὲ
1503 661 1591 687 πα-

231 717 467 765 λαιστιαῖα,
497 710 688 768 ἀριθμὸν
703 712 748 754 δὲ
763 711 1051 754 ἑπτακαίδεκα
1070 712 1139 753 καὶ
1156 710 1317 763 ἑκατόν,
1338 713 1408 754 καὶ
1426 711 1590 754 τούτων

233 780 444 837 ἀπέφθου
475 784 634 835 χρυσοῦ
671 783 870 836 τέσσερα,
909 782 1053 833 τρίτον
1090 776 1376 835 ἡμιτάλαντον
1414 778 1591 822 ἕκαστον

234 848 420 899 ἕλκοντα,
447 847 500 890 τὰ
527 847 572 890 δὲ
598 844 706 889 ἄλλα
731 845 997 903 ἡμιπλίνθια
1021 847 1171 888 λευκοῦ
1188 851 1361 901 χρυσοῦ,
1391 844 1590 900 σταθμὸν

236 916 482 958 διτάλαντα.
534 914 730 957 ἐποιέετο
758 915 804 957 δὲ
828 915 899 956 καὶ
924 915 1094 964 λέοντος
1121 914 1264 957 εἰκόνα
1294 919 1454 969 χρυσοῦ
1481 912 1591 956 ἀπέ-

234 988 357 1039 φθου
392 983 595 1025 ἕλκουσαν
628 981 827 1036 σταθμὸν
857 982 1046 1024 τάλαντα
1083 982 1195 1024 δέκα.
1253 976 1376 1032 οὗτος
1408 979 1430 1024 5
1469 983 1587 1033 λέων,

235 1051 379 1094 ἐπείτε
403 1054 648 1092 κατεκαίετο
677 1047 698 1092 5
727 1049 768 1092 ἓν
789 1051 1002 1106 Δελφοῖσι
1020 1049 1130 1106 νηός,
1160 1053 1369 1092 κατέπεσε
1390 1047 1478 1092 ἀπὸ
1505 1053 1589 1091 τῶν

235 1116 531 1174 ἡμιπλινθίων
557 1117 648 1171 (ἐπὶ
672 1115 751 1173 γὰρ
777 1118 972 1160 τούτοισι
996 1116 1162 1171 ἵδρυτο)
1188 1119 1256 1159 καὶ
1284 1121 1355 1159 νῦν
1380 1120 1522 1159 κέεται
1548 1115 1589 1158 ἕν

233 1189 294 1241 τῷ
320 1189 566 1240 Κορινθίων
591 1189 802 1241 θησαυρῷ
831 1184 960 1226 ἕλκων
987 1183 1186 1239 σταθμὸν
1219 1184 1401 1238 ἕβδομον
1433 1182 1589 1239 ἡμιτά-

178 1264 210 1289 51
235 1253 404 1294 λαντον·
432 1250 624 1307 ἀπετάκη
650 1251 729 1309 γὰρ
757 1249 889 1294 αὐτοῦ
914 1255 1115 1309 τέταρτον
1141 1250 1440 1307 ἡμιτάλαντον.
1492 1250 1589 1292 ἐπι-

233 1321 410 1369 τελέσας
442 1320 487 1361 δὲ
519 1317 540 1361 5
568 1326 754 1375 Κροῖσος
783 1324 919 1361 ταῦτα
950 1317 1185 1372 ἀπέπεμπε
1217 1318 1259 1369 ἐς
1293 1316 1487 1374 Δελφοὺς
1517 1320 1588 1359 καὶ.

232 1386 336 1428 τάδε
369 1384 476 1428 ἄλλα
508 1384 597 1440 ἅμα
627 1394 759 1438 τοῖσι,
798 1391 1007 1442 κρητῆρας
1039 1387 1114 1428 δύο
1146 1387 1334 1441 μεγάθεϊ
1362 1386 1585 1441 μεγάλους,

228 1453 409 1507 χρύσεον
434 1455 505 1495 καὶ
531 1451 746 1509 ἀργύρεον,
773 1458 858 1495 τῶν
881 1451 902 1495 5
923 1454 998 1506 μὲν
1017 1453 1194 1508 χρύσεος
1215 1453 1353 1495 ε’κέετο
1375 1452 1448 1495 ἐπὶ
1469 1452 1588 1504 δεξιὰ

193 1544 196 1545 ⁷
234 1519 394 1561 ἐσιόντι
421 1519 462 1569 ἒς
486 1519 558 1562 τὸν
583 1521 693 1575 νηόν,
723 1518 744 1562 5
773 1521 818 1562 δὲ
845 1518 1048 1575 ἀργύρεος
1074 1518 1139 1563 ἐπ’
1158 1519 1375 1576 ἀριστερά.
1420 1536 1588 1573 μετεκι-

231 1586 427 1641 νήθησαν
460 1587 505 1628 δὲ
535 1588 606 1628 καὶ
638 1580 758 1629 οῦτοι
790 1585 875 1628 ὑπὸ
907 1586 981 1629 τὸν
1012 1586 1109 1644 νηὸν
1141 1590 1420 1638 κατακαέντα,
1461 1588 1532 1628 καὶ
1565 1584 1586 1628 5

231 1654 307 1707 μὲν
335 1654 514 1709 χρύσεος
545 1657 686 1695 κέεται
718 1652 760 1696 ἐν
789 1658 849 1709 τῷ
882 1654 1180 1708 Κλαζομενίων
1212 1658 1424 1710 θησαυρῷ
1458 1653 1587 1696 ἕλκων

234 1719 433 1774 σταθμὸν
460 1721 624 1763 εἴνατον
649 1718 933 1777 ἡμιτάλαντον
965 1723 1036 1764 καὶ
1063 1721 1125 1764 ἔτι
1152 1722 1345 1764 δυώδεκα
1376 1725 1523 1775 μνέας,
1564 1719 1586 1763 ὃ

235 1788 280 1829 δὲ
306 1785 508 1843 ἀργύρεος
534 1787 607 1830 ἐπὶ
631 1792 707 1830 τοῦ
733 1793 940 1845 προνηίου
967 1793 1041 1845 τῆς
1065 1792 1218 1845 γωνίης
1240 1792 1412 1846 χωρέων
1444 1786 1588 1845 ἀμφο-

233 1857 332 1909 ρέας
364 1854 632 1906 ἑξακοσίους·
671 1854 941 1910 ἐπικίρναται
970 1855 1050 1912 γὰρ
1082 1854 1169 1898 ὑπὸ
1203 1858 1384 1912 Δελφῶν
1415 1861 1590 1912 θεσφα-

233 1925 376 1964 νίοισι.
426 1923 536 1977 φασὶ
562 1923 608 1963 δέ
631 1939 703 1975 μιν
729 1925 894 1978 Δελφοὶ
922 1924 1145 1979 Θεοδώρου
1171 1928 1246 1965 τοῦ
1272 1927 1439 1977 Σαμίου
1469 1923 1588 1978 ’έργον

234 1986 360 2040 εἶναι,
399 1990 470 2030 καὶ
496 1988 576 2044 ἒγιὺ
605 1990 757 2031 δοκέω·
796 1988 844 2031 οὗ
870 1989 950 2047 γὰρ
975 1989 1024 2033 τὸ
1053 1989 1254 2043 συντυχὸν
1287 1994 1491 2046 φαίνεταί
1512 2007 1589 2044 μοι

234 2055 353 2111 ἔργον
374 2053 494 2098 εἶναι.
532 2058 601 2098 καὶ
622 2060 787 2107 πίθους
806 2074 851 2099 τε
873 2056 1102 2113 ἀργυρέους
1115 2061 1319 2114 τέσσερας
1334 2055 1585 2112 άπέπελιιψε,

234 2125 276 2165 οἳ
302 2122 343 2165 ἐν
368 2127 429 2178 τῷ
454 2127 701 2178 Κορινθίων
726 2128 938 2181 θησαυρῷ
965 2125 1128 2178 ἑστᾶσι,
1155 2127 1227 2168 καὶ
1252 2126 1588 2182 περιρραντήρια

235 2190 310 2232 δύο
337 2188 539 2246 ἀνέθηκε,
575 2191 755 2246 χρύσεόν
785 2208 831 2234 τε
855 2194 926 2234 καὶ
952 2190 1174 2249 ἀργύρεον,
1213 2197 1299 2236 τῶν
1330 2197 1391 2249 τῷ
1420 2196 1587 2249 χρυσέῳ

233 2257 548 2315 ἐπιγέγραπται
566 2259 918 2313 Λακεδαιμονίων
939 2265 1141 2316 φαμένων
1167 2264 1336 2317 σφέων
1357 2258 1466 2303 εἶναι
1487 2258 1589 2302 άνά-

233 2329 370 2380 θημα,
400 2323 475 2367 οὐκ
501 2324 650 2381 ὀρθῶς
674 2327 885 2382 λέγοντες·
913 2327 1003 2370 ἔστι
1028 2327 1108 2385 γὰρ
1133 2330 1204 2370 καὶ
1229 2332 1356 2371 τοῦτο
1382 2332 1586 2385 Κροίσου,

232 2391 454 2449 ἐπέγραψε
476 2393 521 2435 δὲ
540 2398 623 2436 τῶν
642 2411 709 2444 τις
729 2396 909 2451 Δελφῶν
922 2397 1309 2450 Λακεδαιμονίοισι
1327 2396 1589 2450 βουλόμενος

227 2461 499 2514 χαρίζεσθαι,
527 2466 603 2503 τοῦ
625 2460 912 2516 ἐπιστάμενος
931 2462 979 2506 τὸ
1002 2461 1164 2517 οὕνομα
1185 2462 1259 2506 οῦκ
1279 2463 1587 2520 ἐπιμνήσομαι.

232 2525 319 2569 ἀλλ’
338 2526 360 2570 5
384 2528 460 2582 μὲν
486 2537 604 2580 παῖς,
634 2527 686 2571 δι’
705 2523 753 2572 οὗ
779 2535 854 2586 τῆς
875 2530 1018 2588 χειρὸς
1038 2533 1123 2588 ῥέει
1149 2531 1198 2574 τὸ
1218 2529 1346 2588 ὕδωρ,
1374 2531 1589 2574 Λακεδαι-

230 2598 388 2648 μονίων
415 2594 517 2648 ἔστί,
547 2594 593 2639 οὗ
619 2600 766 2651 μέντοι
789 2602 875 2641 τῶν
892 2616 938 2655 γε
957 2602 1323 2656 περιρραντηρίων
1350 2596 1586 2653 οὐδέτερον.

232 2660 340 2704 ἄλλα
363 2679 409 2705 τε
435 2661 699 2720 ἀναθήματα
731 2663 805 2707 οῦκ
832 2664 1025 2722 ἐπίσημα
1056 2665 1197 2709 πολλὰ
1230 2664 1470 2719 ἀπέπεμψε
1496 2661 1588 2719 ἅμα

230 2730 425 2773 τούτοισι
446 2728 467 2773 ὅ
489 2737 686 2787 Κροῖσος,
714 2734 785 2775 καὶ
802 2733 996 2788 χεύματα
1016 2731 1200 2791 ἀργύρεα
1223 2734 1487 2789 κυκλοτερέα,
1516 2734 1588 2774 καὶ
