1794 3282
155 246 299 275 XXXII

384 248 439 274 DE
463 246 671 274 HERODOTI
694 246 789 273 VITA
812 246 863 271 ET
887 244 1061 271 SCRIPTIS
1087 245 1386 273 COMMENTATIO-

155 325 227 365 est,
251 324 396 356 secutae
425 324 509 354 sunt
530 320 697 353 Aldina
721 319 864 361 (Venet.
893 318 1022 363 phicis‚
1041 318 1317 364 chronologicis,
1335 319 1605 365 mythologiciS‚

153 367 271 411 (1502)
282 393 290 409 ‚

324 365 493 399 Parisina
526 364 573 398 ab
608 364 736 397 Henr.
770 363 867 397 Ste-
893 363 1181 408 arehaeologicis
1212 364 1454 408 explicandis,
1487 364 1524 399 in
1554 365 1608 398 di-

154 412 299 457 phano
324 415 452 455 parata
475 409 608 451 (1566),
638 408 771 442 deinde
800 408 868 441 Ia-
894 407 1001 441 cendi
1022 419 1090 441 usu
1105 408 1336 450 illustrando,
1362 410 1400 443 in
1422 409 1608 454 scriptoris

154 456 256 491 cobi
276 454 488 490 Gronovii
513 453 624 487 editio
644 453 777 497 (Lugd.
798 452 868 486 Ba·
894 451 966 486 fide
989 462 1179 497 rerumque
1206 453 1423 488 traditarum
1451 455 1604 488 auctori-

153 506 225 535 tav.
247 500 360 543 1715),
375 499 438 544 qui
455 509 535 532 cum
552 497 690 542 primus
707 497 869 531 codicem
893 500 969 531 tate
1001 498 1271 542 comprobanda
1298 499 1419 543 posuit
1445 499 1474 533 I.
1500 499 1539 533 C.
1565 499 1607 532 F.

156 545 365 579 Mediceum
385 543 601 577 excussisset
621 545 665 583 (V.
682 554 710 576 s.
725 554 760 587 p.
775 544 868 585 xxw)
894 541 1162 585 Baehrius36,
1181 543 1283 576 cuius
1301 543 1510 588 editionem,
1527 544 1607 589 plu-

155 593 273 624 certas
291 588 467 634 quasdam
490 588 578 622 aitis
597 587 743 621 criticae
767 587 869 632 leges
894 586 985 620 rima
1013 586 1090 621 fere
1121 591 1156 621 et
1187 587 1324 632 optima
1352 589 1608 634 continentem,

153 635 190 669 in
204 633 384 668 Herodoti
399 633 520 667 verbis
538 632 797 666 constituendis
815 643 869 666 se·
895 642 988 676 quae
1010 642 1032 665 a
1055 631 1236 676 prioribus
1265 633 1312 666 ad
1339 643 1397 667 res
1426 633 1608 678 explican-

154 684 259 714 cutus
277 683 349 723 est,
374 689 446 723 qua
469 678 514 712 de
536 688 575 711 re
593 677 758 712 conferas
775 687 869 721 quae
894 678 960 711 das
978 677 1123 711 conlata
1141 681 1261 720 erant,
1291 689 1373 711 cum
1394 678 1607 723 habeamus,

154 725 229 758 dixi
240 725 278 758 in
285 723 538 758 dissertatione
552 722 658 756 inser.
674 724 726 756 die
734 725 868 757 Tertes-

152 771 258 804 krz'tik
296 771 331 804 in
362 770 534 803 Herodots
568 769 865 811 Geschz'chtswerk,

154 826 248 860 quae
267 818 322 849 est
337 814 376 848 in
393 813 524 847 Philol.
543 813 638 847 XXI
656 813 710 847 79.
731 814 822 848 8032

200 861 291 894 Post
320 858 541 894 Gronovium
570 859 720 903 egregie
747 857 866 892 meriti

153 910 237 940 sunt
250 906 295 939 de
304 904 481 939 Herodoti
493 903 652 937 historiis
661 904 703 937 L.
715 903 752 937 C.
764 903 867 938 Val-

154 950 395 985 ckenarius
435 953 471 983 et
506 949 587 983 Pct.
622 948 868 983 VVesselin-

152 996 231 1041 giu
241 1008 274 1039 s,
299 995 361 1039 qui
384 994 584 1029 coniunctis
606 993 742 1027 viribus
765 1004 868 1038 prae—

152 1040 412 1074 stantissimam
428 1039 662 1073 instituerunt
675 1038 869 1072 editionem

153 1089 190 1120 et
213 1089 413 1120 correctam
437 1088 473 1118 et
496 1083 757 1128 locupletatam
779 1083 866 1117 Am-

152 1131 281 1165 stelod.
301 1142 333 1164 a.
354 1130 441 1164 1763
449 1130 492 1172 33,
515 1129 560 1163 de
584 1129 685 1163 cuius
709 1128 867 1173 singula-

152 1176 253 1210 ribus
270 1175 409 1210 meritis
423 1174 570 1209 uberius
585 1173 733 1218 exposui
745 1173 782 1207 in
797 1173 867 1207 dis-

152 1225 237 1255 sert.
259 1233 286 1254 s.
306 1221 328 1254 l.
348 1219 492 1260 (Philol.
506 1219 601 1253 XXI
614 1219 682 1257 80).
708 1218 866 1253 Maxime

152 1267 190 1300 in
208 1265 422 1311 colligendis
437 1265 570 1299 criticis
586 1264 699 1309 copiis
712 1263 867 1308 diligen—

151 1316 208 1346 tes
226 1311 372 1345 fuerunt
388 1311 448 1344 Io.
470 1309 867 1354 Schweighaeuse-

152 1358 266 1391 rus34
296 1361 332 1390 et
355 1356 501 1390 Thom.
529 1354 867 1397 Gaisfordius35,

153 1402 216 1447 qui
232 1402 334 1436 novis
353 1401 517 1436 codicum
534 1400 576 1442 (F
579 1400 759 1443 lorentini,
779 1399 866 1434 San-

151 1447 335 1490 croftiani)
365 1445 536 1481 subsidiis
564 1445 731 1479 instructi
753 1444 867 1479 Hero-

153 1492 230 1526 doti
246 1492 417 1526 historias
441 1492 488 1526 ad
509 1495 673 1525 veterum
695 1490 868 1525 librorum

151 1537 264 1572 fidem
290 1540 559 1572 recensuerunt.
617 1535 689 1577 Qui
717 1535 805 1580 quid
831 1536 868 1569 in

153 1583 374 1617 editionibus
392 1582 465 1615 suis
482 1581 742 1626 praestiterint,
763 1581 868 1615 docui

151 1629 189 1662 in
206 1628 340 1662 Philol.
359 1627 454 1661 XXI
470 1627 618 1662 80-83.
666 1626 868 1660 Plurimum

154 1684 288 1719 operae
310 1673 347 1707 in
364 1673 473 1707 rebus
491 1671 692 1716 historicis,
716 1682 868 1717 geogra—

185 1764 213 1784 32
232 1766 371 1791 Herodoti
382 1766 592 1790 Halicarnassei
602 1765 791 1789 Historiarum
806 1764 870 1788 libri

150 1808 179 1825 ις
195 1801 338 1825 Musarum
351 1799 514 1824 nominibus
528 1800 666 1829 inscripti.
689 1798 793 1823 Graece
807 1805 868 1822 cum

151 1835 385 1865 interpretatione
410 1834 558 1858 Laurentii
578 1833 696 1860 valiam
723 1839 759 1856 ex
780 1839 869 1856 mem-

153 1869 239 1893 brana
263 1868 391 1893 Medicea
420 1870 485 1898 post
514 1867 581 1892 Aldi
606 1866 741 1895 Manutii,
774 1867 868 1891 Ioach.

152 1902 324 1931 Camerarii‚
350 1902 439 1927 Henr.
464 1901 618 1931 Stephani,
647 1900 732 1925 Goth.
753 1901 868 1931 Iunger-

151 1937 263 1965 manni‚
284 1936 336 1961 Th.
351 1936 420 1960 Gale
439 1936 469 1960 in
488 1935 597 1959 edendo
618 1941 717 1965 operas
737 1941 793 1958 non
807 1937 868 1958 tan-

151 1974 212 1995 tum
227 1970 330 1995 adimis
344 1970 423 1999 locis,
445 1969 493 1994 ubi
507 1976 522 1993 a
535 1969 604 1993 viris
625 1969 715 1993 doctis
729 1968 867 1993 sentieba-

151 2008 197 2029 tur
211 2004 386 2035 corruptela,
407 2004 456 2028 sed
471 2004 555 2027 etiam
571 2002 733 2027 Graecismo
748 2009 797 2033 per
810 2003 867 2026 sin-

152 2039 233 2068 gulas
252 2039 311 2063 fere
331 2039 449 2069 paginas
473 2037 631 2065 remollit0;
658 2037 797 2061 industria
810 2036 866 2069 Iac.

154 2073 301 2104 Gronovii,
323 2073 402 2096 cuius
422 2071 560 2096 accedunt
580 2073 675 2095 notae.
690 2085 722 2088 —
736 2071 867 2098 Lugduni

151 2107 284 2131 Batavor.
298 2107 371 2137 apud
383 2106 456 2130 Sam.
466 2103 809 2130 LuchtmansMDCCXV
817 2104 866 2128 fol.

186 2144 214 2164 33
235 2142 397 2182 Ἡροδότου
430 2141 683 2179 Ἁλικαριασσῆος
716 2139 868 2180 Ἱστοριῶν

152 2182 239 2219 λόγοι
252 2182 301 2210 θ’.
329 2185 436 2210 Graece
451 2187 479 2209 et
492 2185 594 2208 Latine
609 2191 644 2208 ex
658 2184 791 2208 Laurent.
801 2183 867 2207 Val-

152 2221 196 2245 lae
216 2220 450 2250 interpretatione
471 2226 534 2243 cum
548 2217 780 2243 annotationibus
794 2217 868 2242 Tho-

153 2261 216 2279 mae
237 2253 318 2278 Galei
336 2256 364 2278 et
382 2254 437 2277 lac.
455 2252 602 2277 Gronovii.
639 2252 802 2277 Editionem
823 2258 867 2275 cu-

153 2289 227 2312 ravit
241 2290 269 2311 et
289 2294 352 2311 suas
367 2288 490 2317 itemque
505 2287 538 2310 L.
549 2285 773 2311 C.Valckenarii
786 2287 868 2309 notas

154 2322 259 2346 adiecit
267 2322 342 2345 Petr.
351 2320 566 2350 Wessclingius.
587 2319 747 2344 Amstelod.
757 2325 781 2342 a.
791 2319 866 2343 1763.

188 2355 215 2373 34
233 2355 372 2379 Herodoti
390 2354 486 2378 Musae
511 2355 571 2378 sive
591 2354 739 2378 Historiar.
759 2352 808 2377 lib.
829 2353 868 2376 IX

154 2390 188 2414 ad
201 2392 330 2414 veterum
350 2388 478 2413 codicum
499 2387 582 2411 fidem
603 2387 695 2412 denuo
714 2387 865 2414 recensuit,

155 2424 288 2448 lectionis
308 2423 445 2447 varietate
465 2422 614 2453 continua,
634 2422 866 2451 interpretatione

154 2458 272 2486 Latina,
293 2456 524 2481 adnotationibus
542 2455 662 2480 VVessel.
684 2457 711 2479 et
730 2454 865 2479 Valcken.

155 2493 327 2521 aliorumque
353 2494 380 2514 et
405 2491 462 2515 suis
488 2490 623 2514 instruxit
646 2489 706 2514 Ioh.
727 2489 867 2518 Schweig-

155 2526 285 2550 haeuser.
298 2525 336 2548 VI
350 2525 407 2548 vol.
427 2523 577 2553 Argentor.
599 2525 627 2547 et
639 2523 764 2547 Parisiis.
778 2522 867 2547 Acce-

157 2560 198 2584 dit
212 2560 326 2583 lexicon
341 2558 544 2582 Herodoteum.
564 2558 641 2581 1324.

189 2591 216 2610 35
235 2593 373 2617 Herodoti
381 2591 749 2616 HalicarnassciHistoriar.
759 2589 866 2614 lib.1X.

157 2626 293 2651 Codicem
313 2627 452 2650 Snncrost.
473 2632 614 2650 manuscr.
635 2625 726 2649 denuo
748 2624 869 2649 contulit

156 2667 209 2684 nec
223 2667 281 2684 non
293 2661 431 2690 reliquam
452 2660 584 2684 lectionis
604 2660 773 2683 varietatem
793 2665 868 2682 com-

158 2694 267 2719 modius
297 2694 413 2724 digessit
439 2693 538 2718 Thom.
567 2693 704 2718 Gaissord.
736 2692 776 2717 IV
799 2694 867 2716 tom.

158 2728 289 2753 oxoniae
302 2729 368 2752 1824
382 2726 483 2758 (1849).

894 722 1140 765 superioribus
1154 721 1264 756 facile
1279 733 1461 766 caremus,
1478 734 1609 758 novam

892 770 1012 801 textus
1043 766 1290 801 recensionem
1325 768 1544 802 constituere
1573 768 1608 802 ei

894 823 966 846 non
990 816 1068 846 erat
1090 813 1327 857 propositum.
1377 813 1456 848 Nec
1483 812 1609 848 defue-

894 861 977 891 runt
994 868 1082 891 sane
1099 862 1181 902 post
1196 857 1393 892 Baehrium
1417 859 1610 893 multorum

893 903 1013 937 studia
1025 903 1135 937 variis
1147 903 1352 937 nominibus
1365 903 1482 947 utilia,
1491 903 1605 937 Imm.

893 947 1108 990 Bekkeri,
1137 948 1258 982 Alex.
1283 948 1462 993 Negris‚
1491 948 1607 983 Guil.

894 992 1143 1036 Dindorfii,
1166 993 1272 1027 Rud.
1293 993 1539 1037 Dietschii,
1565 992 1605 1028 C.

894 1036 971 1072 Gu.
992 1037 1231 1082 Kruegeri,
1256 1038 1427 1082 aliorum,
1452 1039 1497 1072 de
1521 1049 1607 1083 quo-

892 1094 972 1116 rum
990 1082 1208 1116 editionibus
1231 1083 1314 1117 vide
1338 1094 1431 1127 quae
1456 1084 1608 1128 exposui

892 1128 930 1161 in
946 1127 1079 1161 Philol.
1096 1127 1191 1161 XXI
1210 1128 1378 1163 88—100.
1429 1128 1485 1163 Cf.
1507 1128 1606 1163 Guil.

893 1172 1135 1218 Engelmanni
1187 1172 1419 1208 Bibliotheca
1478 1173 1603 1218 script.

894 1218 996 1252 class.
1012 1221 1048 1252 et
1063 1217 1235 1252 Graecor.
1246 1222 1282 1252 et
1295 1218 1488 1253 Romanor.
1504 1219 1609 1264 Lips.

894 1264 982 1298 1858
998 1275 1034 1308 p.
1055 1264 1121 1298 155
1138 1273 1217 1308 sqq.

936 1308 1008 1343 Vix
1027 1312 1081 1342 est
1098 1309 1194 1353 quod
1217 1319 1400 1352 moneam,
1424 1319 1481 1342 me
1504 1309 1608 1354 leges

893 1358 1171 1397 secutum,quae
1187 1354 1231 1388 de
1240 1354 1426 1388 codicibus
1441 1358 1538 1388 recte
1548 1365 1608 1388 ae·

892 1399 1083 1433 stimandis
1100 1410 1210 1444 supra
1227 1399 1397 1434 constitui
1416 1401 1607 1444 (pmn—

892 1447 987 1487 xxv),
1017 1444 1194 1479 Herodoti
1216 1445 1327 1479 verba
1360 1445 1608 1480 emendatiora

894 1490 1063 1524 exhibere
1082 1493 1250 1524 conatum
1265 1500 1343 1524 esse
1357 1490 1606 1524 exterminatis

893 1545 1003 1578 quam
1018 1535 1173 1569 maxime
1196 1535 1538 1580 interpolationibus
1555 1535 1608 1569 vi-

892 1580 1067 1624 tiosisque
1098 1580 1302 1624 scripturis,
1333 1580 1465 1624 quibus
1496 1580 1608 1614 editio

894 1625 1052 1659 Weidm.
1069 1626 1271 1659 deformata
1286 1629 1351 1659 est.
1385 1625 1556 1670 Denique
1568 1629 1610 1659 ut

893 1682 964 1705 uno
982 1674 1178 1716 conspectu
1197 1671 1375 1715 quidquid
1398 1670 1467 1704 hac
1484 1674 1608 1705 nostra

895 1716 1054 1750 editione
1081 1719 1259 1750 mutatum
1289 1719 1343 1749 est
1371 1715 1417 1750 ab
1442 1715 1608 1750 omnibus

893 1761 1139 1807 intellegatur,
1162 1761 1322 1796 breviter
1340 1772 1400 1795 eos
1417 1762 1515 1796 locos
1532 1773 1607 1795 om-

893 1818 957 1841 nes
974 1807 1172 1841 recensebo
1189 1807 1227 1840 in
1245 1806 1376 1851 quibus
1390 1806 1481 1841 haec
1496 1807 1608 1841 editio

894 1863 915 1886 a
943 1851 1250 1886 WVeidmanniana
1279 1863 1359 1886 cum
1388 1852 1510 1896 aliquo
1545 1855 1609 1885 aut

892 1897 1083 1932 verborum
1100 1902 1162 1931 aut
1176 1896 1378 1931 sententiae
1399 1897 1609 1931 discrimine

893 1943 1013 1977 distet.

938 1988 979 2022 In
997 1989 1171 2022 dialectico
1190 1998 1340 2033 genere,
1365 1987 1402 2021 in
1426 1998 1496 2032 quo
1514 1987 1604 2021 mihi

891 2044 1068 2078 persaepe
1093 2045 1114 2067 a
1137 2033 1322 2067 codicibus
1346 2033 1608 2067 discedendum

892 2078 979 2122 fuit,
998 2078 1186 2113 observavi
1202 2082 1417 2124 praecepta,
1436 2089 1529 2123 quae
1546 2088 1605 2113 ex-

894 2124 999 2169 posui
1018 2125 1055 2158 in
1069 2124 1155 2158 edit.
1170 2137 1197 2157 11
1211 2124 1457 2158 Teubnerian.
1484 2124 1609 2158 129—

892 2169 948 2203 41.
987 2170 1044 2204 Ac
1061 2170 1271 2204 dialecticas
1295 2170 1442 2213 quidem
1476 2180 1606 2213 ormas,

893 2226 913 2249 a
931 2226 989 2248 me
1007 2215 1234 2258 emendatas,
1257 2214 1372 2248 literis
1388 2218 1534 2259 praeter
1551 2225 1607 2248 ce-

892 2264 989 2294 teras
1008 2259 1211 2305 conspicuis
1227 2271 1299 2293 non
1314 2259 1505 2305 insignivi,
1523 2260 1607 2293 reli-

893 2316 982 2349 quos
1003 2316 1088 2340 vero
1105 2305 1215 2347 locos,
1241 2305 1279 2338 in
1293 2304 1425 2348 quibus
1440 2315 1461 2338 a
1474 2304 1609 2338 codici-

893 2350 961 2385 bus
976 2350 1139 2394 discessi,
1162 2349 1276 2384 literis
1293 2350 1402 2384 latius
1420 2349 1609 2394 dispositis

893 2395 1108 2441 significavi.

927 2519 953 2539 36
973 2521 1328 2547 HerodotiHalic.Musae.
1347 2521 1470 2545 Textum
1483 2521 1517 2545 ad
1526 2520 1607 2545 Gais-

894 2555 976 2579 fordii
992 2555 1145 2580 editionem
1158 2556 1334 2586 recognovit,
1344 2558 1480 2586 perpetua
1493 2559 1552 2579 tum
1561 2555 1606 2579 Fr.

895 2589 1029 2614 Creuzeri
1040 2592 1100 2614 tum
1113 2596 1163 2614 sua
1176 2590 1359 2614 annotatione
1373 2589 1516 2618 instruxit,
1531 2595 1609 2613 com—

894 2624 1098 2648 mentationem
1113 2624 1147 2648 de
1160 2624 1220 2648 vita
1232 2626 1261 2648 et
1273 2623 1385 2653 scriptis
1398 2622 1544 2651 Herodoti,
1566 2625 1608 2646 ta-

895 2658 975 2682 bulas
1001 2658 1219 2688 geographicas,
1245 2657 1383 2687 imagines
1402 2656 1479 2686 liguo
1504 2656 1610 2680 incisas

895 2692 1058 2721 iudicesque
1080 2692 1183 2716 adiecit
1202 2692 1224 2716 Ι.
1241 2690 1273 2715 C.
1286 2691 1318 2714 F.
1333 2690 1434 2714 Baehr.
1471 2689 1537 2714 Vol.
1558 2689 1608 2714 lv.

896 2725 971 2750 Edit.
986 2725 1083 2749 altera.
1105 2726 1219 2756 Lipsiae
1234 2724 1413 2749 1856—1861.
