1794 3282
529 273 841 309 ΗΡΟΔΟΤΟΥ
872 275 914 308 Δ.
940 274 1129 309 187—191.
1427 265 1510 306 313

149 360 230 400 σφι
257 340 379 393 εἴκος’
405 343 564 399 τράγου
593 337 720 399 οὖρον
742 347 1001 394 σπείσαντες
1020 344 1196 400 ῥύονταί
1215 358 1364 400 σφεας.
1402 342 1510 398 λέγω

149 412 195 454 δὲ
214 409 268 453 τὰ
291 411 465 465 λέγουσι
485 408 610 453 αὐτοὶ
628 415 803 465 Λίβυες.
846 415 1006 455 θυσίαι
1027 412 1072 454 δὲ
1097 419 1215 455 τοῖσι
1239 411 1401 465 νομάσι
1427 410 1509 454 εἰσὶ

149 478 265 521 αἵδε·
293 476 424 521 ἐπεὰν
442 482 518 521 τοῦ
540 475 650 529 ὠτὸς
671 476 954 535 ἀπάρξωνται
972 483 1048 522 τοῦ
1075 479 1258 535 κτήνεος,
1286 480 1513 536 ῥιπτέουσι

148 543 258 601 ὑπὲρ
282 544 356 588 τὸν
383 546 529 600 δόμον,
556 550 685 589 τοῦτο
713 546 759 588 δὲ
783 547 1046 602 ποιήσαντες
1077 545 1409 604 ἀποστρέφουσι
1439 544 1513 589 τὸν

151 612 307 666 αὐχένα
332 611 478 657 αὐτοῦ.
515 614 680 657 θύουσι
707 614 753 656 δὲ
774 611 878 670 ἡλίῳ
899 616 968 657 καὶ
993 615 1143 671 σελήνῃ
1164 615 1376 668 μούνοισι.
1412 614 1514 657 τού-

150 696 269 724 τοισι
297 679 374 734 μέν
405 698 476 723 νυν
506 681 666 732 πάντες
689 685 850 736 Λίβυες
882 682 1064 733 θύουσι,
1101 679 1209 738 ἀτὰρ
1243 681 1284 724 οἱ
1314 683 1416 737 περὶ
1440 681 1514 737 τὴν

157 748 393 803 Τριτωνίδα
418 749 565 804 λίμνην
589 753 786 803 νέμοντες
810 752 861 805 τῇ
877 747 1081 806 Ἀθηναίῃ
1107 750 1309 803 μάλιστα,
1336 748 1444 803 μετὰ
1469 749 1513 791 δὲ

152 819 213 871 τῷ
243 819 423 870 Τρίτωνι
446 817 518 858 καὶ
542 819 602 872 τῷ
628 817 905 860 Ποσειδέωνι.
965 816 1040 873 τὴν
1066 817 1111 860 δὲ
1138 814 1222 872 ἄρα
1248 816 1416 873 ἐσθῆτα
1440 818 1509 858 καὶ

153 881 231 934 τὰς
257 882 427 938 αἰγίδας
451 887 536 926 τῶν
561 881 819 939 ἀγαλμάτων
843 889 917 940 τῆς
931 881 1160 940 Ἀθηναίης
1186 883 1228 926 ἐκ
1246 889 1330 926 τῶν
1349 888 1515 938 Λιβυσ-

156 950 264 994 σέων
291 949 553 1007 ἐποιήσαντο
581 951 623 993 οἱ
638 948 854 1007 Ἕλληνες·
891 951 1001 1007 πλὴν
1032 951 1111 1007 γὰρ
1140 950 1165 1007 ἢ
1190 949 1259 995 ὅτι
1291 955 1459 1005 σκυτίνη
1489 949 1509 1006 ᾗ

156 1018 292 1074 ἐσθής
327 1022 414 1061 τῶν
445 1022 701 1072 Λιβυσσέων
738 1017 829 1062 ἐστὶ
864 1020 935 1061 καὶ
973 1019 1015 1061 οἱ
1049 1020 1239 1062 θύσανοι
1276 1019 1318 1062 οἱ
1354 1018 1398 1061 ἐκ
1432 1022 1515 1060 τῶν

155 1086 332 1140 αἰγίδων
359 1083 513 1141 αὐτῇσι
540 1084 615 1127 οὐκ
641 1084 766 1140 ὄφιές
792 1085 876 1129 εἰσι
902 1083 990 1128 ἀλλ’
1010 1086 1233 1139 ἱμάντινοι,
1260 1085 1314 1129 τὰ
1341 1087 1385 1128 δὲ
1407 1083 1515 1128 ἄλλα

153 1153 299 1195 πάντα
323 1150 431 1194 κατὰ
454 1150 596 1194 τώυτὸ
625 1151 842 1195 ἔσταλται.
901 1154 970 1195 καὶ
999 1152 1047 1208 δὴ
1075 1156 1146 1196 καὶ
1170 1151 1359 1207 τοῦνομα
1388 1170 1516 1209 κατη-

152 1223 294 1276 γορέει
318 1216 388 1263 ὅτι
408 1218 453 1262 ἐκ
469 1220 635 1275 Λιβύης
654 1216 746 1275 ἥκει
767 1218 788 1276 ἦ
812 1220 939 1276 στολὴ
961 1225 1046 1263 τιῦν
1065 1221 1340 1264 Παλλαδίων·
1368 1220 1516 1276 αἰγέας

152 1287 232 1344 γὰρ
252 1286 591 1344 περιβάλλονται
610 1287 747 1342 ψιλὰς
766 1290 867 1342 περὶ
893 1287 967 1344 τὴν
993 1288 1162 1344 ἐσθῆτα
1186 1286 1449 1338 θυσανωτὰς
1471 1288 1515 1329 αἱ

153 1359 386 1410 Λίβυσσαι,
413 1358 660 1410 κεχριμένας
686 1354 972 1411 ἐρευθεδάνῳ,
1000 1355 1043 1398 ἐκ
1070 1356 1115 1397 δὲ
1139 1359 1225 1398 τῶν
1245 1355 1399 1411 αἰγέων
1418 1357 1516 1397 τού·

152 1439 237 1464 των
263 1422 434 1477 αἰγίδας
459 1419 711 1478 οἱἝλληνες
741 1423 1080 1477 μετουνομασαν.
1143 1423 1282 1465 δοκέει
1314 1421 1352 1464 δ’
1372 1422 1515 1478 ἔμοιγε

154 1491 225 1532 καὶ
243 1487 267 1546 ἡ
289 1487 469 1545 ὀλολυγὴ
491 1488 533 1532 ἐν
571 1489 705 1546 ἱροῖσι
725 1488 916 1532 ἐνθαῦτα
936 1495 1109 1544 πρῶτον
1128 1493 1354 1544 γενέσθαι·
1381 1491 1516 1544 κάρτα

153 1556 234 1613 γὰρ
259 1557 392 1613 ταύτῃ
415 1560 615 1614 χρέονται
641 1556 686 1599 αἱ
705 1560 928 1611 Λίβυσσαι
946 1559 1017 1600 καὶ
1033 1561 1233 1614 χρέονται
1253 1559 1404 1607 καλῶς.
1443 1559 1514 1598 καὶ

154 1629 361 1679 τέσσερας
391 1624 559 1675 ἵππους
590 1624 862 1679 συζευγνύναι
899 1624 1020 1681 παρὰ
1050 1625 1227 1678 Λιβύων
1260 1623 1301 1666 οἱ
1322 1621 1517 1679 Ἕλληνες

117 1709 122 1713 ’
155 1693 451 1748 μεμαθήκασι.
483 1689 712 1734 θάπτουσι
729 1692 775 1733 δὲ
788 1691 888 1742 τοὺς
904 1691 1261 1747 ἀποθνήσκοντας
1277 1691 1318 1734 οἱ
1331 1692 1514 1745 νομάδες

156 1761 350 1816 κατάπερ
383 1757 652 1815 οἱἝλληνες,
686 1758 797 1814 πλὴν
822 1759 1125 1813 Νασαμώνων·
1159 1753 1280 1801 οὗτοι
1313 1759 1358 1801 δὲ
1389 1776 1517 1815 κατη-

155 1831 310 1882 μένους
334 1827 583 1878 θάπτουσι,
618 1826 929 1883 φυλάσσοντες,
965 1826 1095 1869 ἐπεὰν
1122 1824 1229 1883 ἀπίῃ
1262 1826 1336 1881 τήν
1361 1827 1513 1881 ψυχήν,

158 1893 269 1946 ὅκως
292 1912 365 1949 μιν
390 1899 615 1937 κατίσουσι
639 1894 747 1950 μηδὲ
772 1890 928 1944 ὕπτιος
954 1892 1266 1936 ἀποθανέεται.
1306 1893 1517 1949 οἰκήματα

159 1964 204 2006 δὲ
230 1963 460 2018 σύμπηκτα
486 1961 531 2014 ἐξ
549 1960 788 2017 ἀνθερίκων
815 1960 1043 2016 ἕνερμένων
1064 1963 1165 2015 περὶ
1193 1965 1387 2014 σχοίνους
1413 1960 1515 2011 ε’·στί,

158 2033 231 2073 καὶ
265 2034 401 2072 ταῦτα
436 2029 726 2086 περιφορητά.
792 2029 967 2082 νόμοισι
1002 2029 1077 2082 μὲν
1120 2029 1362 2071 τοιούτοισι
1400 2022 1520 2070 οὗτοι

158 2101 370 2155 χρέονται.

252 2164 307 2208 Τὸ
340 2165 387 2207 δὲ
412 2163 523 2219 πρὸς
554 2162 738 2220 ἑσπέρης
768 2166 843 2206 τοῦ
874 2166 1086 2219 Τρίτωνος
1116 2166 1316 2216 ποταμοῦ
1341 2159 1520 2206 Αὐσέων

161 2233 330 2286 ἔχονται
354 2229 560 2288 ἀροτῆρες
584 2229 662 2287 ἤδη
683 2234 843 2284 Λίβυες
867 2232 937 2272 καὶ
958 2230 1096 2281 οἰκίας
1115 2230 1356 2283 νομίζοντες
1376 2234 1520 2284 κεκτῆ-

163 2304 291 2351 σθαι,
324 2307 442 2341 τοῖσι
467 2296 629 2351 οὕνομα
652 2302 794 2340 κέεται
818 2298 1010 2349 Μάξυες·
1045 2299 1087 2339 οἳ
1111 2296 1164 2338 τὰ
1190 2296 1264 2339 ἐπὶ
1290 2295 1410 2348 δεξιὰ
1436 2300 1519 2338 τῶν

162 2369 383 2424 κεφαλέων
413 2368 618 2419 κομέουσι
652 2364 708 2407 τὰ
745 2362 784 2406 δ’
809 2362 874 2406 ἐπ’
898 2362 1104 2419 ἀριστερὰ
1141 2368 1348 2417 κείρουσι,
1387 2362 1436 2406 τὸ
1476 2364 1522 2405 δὲ

164 2440 290 2489 σῶμα
313 2435 451 2489 μίλτῳ
474 2436 682 2488 χρίονται.
720 2431 832 2487 φασὶ
859 2431 903 2473 δὲ
930 2424 1050 2473 οὗτοι
1070 2428 1178 2473 εἶναι
1196 2434 1280 2472 τῶν
1302 2429 1345 2472 ἐκ
1369 2436 1521 2486 Τροίης

165 2502 343 2557 ἀνδρῶν.
404 2500 426 2556 ἡ
461 2501 504 2542 δὲ
534 2499 649 2554 χώρη
678 2495 783 2554 αὕτη
815 2514 861 2540 τε
886 2500 955 2540 καὶ
990 2495 1011 2553 ἦ
1039 2497 1169 2553 λοιπὴ
1201 2502 1275 2552 τῆς
1300 2498 1465 2553 Λιβύης
1497 2495 1519 2552 ἦ

164 2568 276 2627 πρὸς
302 2568 484 2624 ἑσπέρην
509 2568 657 2621 πολλῷ
684 2565 1007 2622 θηριωδεστέρη
1033 2581 1079 2608 τε
1104 2567 1175 2606 καὶ
1201 2565 1410 2621 δασυτέρη
1432 2564 1522 2607 ἐστὶ

164 2641 240 2693 τῆς
263 2641 348 2679 τῶν
372 2635 570 2689 νομάδων
592 2634 747 2689 χώρης.
796 2631 820 2690 ἡ
846 2634 922 2687 μὲν
945 2631 1025 2687 γὰρ
1054 2631 1103 2688 δὴ
1129 2630 1240 2687 πρὸς
1267 2630 1338 2688 τὴν
1358 2631 1423 2688 rja]
1450 2636 1524 2688 τῆς

165 2705 350 2760 Λιβύης,
388 2701 461 2758 τὴν
499 2701 540 2744 οἱ
575 2701 772 2754 νομάδες·
794 2704 987 2754 νέμουσι,
1027 2702 1118 2743 ἐστὶ
1154 2700 1334 2755 ταπεινή
1371 2717 1415 2743 τε
1452 2701 1523 2742 καὶ

167 2772 415 2829 ψαμμώδης
434 2774 557 2827 μέχρι
576 2774 651 2812 τοῦ
672 2773 882 2825 Τρίτωνος
902 2773 1114 2822 ποταμοῦ,
1144 2766 1166 2825 ἡ
1190 2769 1236 2811 δὲ
1256 2765 1345 2811 ἀπὸ
1369 2768 1521 2811 τούτου

1538 424 1586 450 158

1537 828 1587 853 189

1539 1705 1589 1729 190

1545 2175 1594 2200 191
