1794 3282
198 770 246 796 106

203 1583 250 1608 107

209 2327 258 2352 108

263 209 320 252 48
640 215 955 250 ΗΡΟΔΟΤΟΥ
985 216 1027 248 Α.
1054 213 1246 248 105-108,

265 303 388 342 μενοι
413 285 457 329 ἐκ
481 285 637 340 ταύτης
655 288 729 340 τῆς
747 287 904 338 Συρίης
925 281 1077 332 ἐόντες.
1115 290 1232 325 τοῖσι
1254 281 1300 324 δὲ
1317 285 1403 324 τῶν
1422 283 1630 324 Σκυθέων

272 355 485 410 συλήσασι
526 351 574 394 τὸ
615 350 705 406 ἱρὸν
741 349 790 393 τὸ
830 350 871 392 ἐν
910 348 1142 393 Άσκάλωνι
1189 351 1260 391 καὶ
1301 357 1419 392 τοῖσι
1465 348 1629 391 τούτων

268 422 355 464 αἷεὶ
392 420 604 475 ἐκγόνοισι
641 416 848 473 ἐνέσκηψε
885 415 909 472 ἡ
946 416 1054 467 θεὸς
1090 417 1253 472 θήλεαν
1294 420 1468 460 νοῦσον·
1519 413 1630 457 ὥστε

268 486 359 541 ἅμα
394 486 567 542 λέγουσί
602 501 648 528 τε
688 484 729 527 οἱ
767 484 940 528 Σκύθαι
980 483 1052 526 διὰ
1088 484 1217 526 τοῦτό
1251 500 1389 540 σφεας
1425 482 1628 533 νουσέειν,

266 556 339 597 καὶ
370 553 475 611 ὁρᾶν
506 551 608 610 παρ’
632 552 836 595 ἑωυτοῖσι
865 550 966 602 τοὺς
991 549 1326 605 ἀπικνεομένους
1352 551 1394 602 ἐς
1424 550 1498 608 τὴν
1524 558 1632 594 Σκυ-

267 620 397 677 θικὴν
436 621 578 678 χώρην
618 618 676 671 (ὗς
714 618 956 672 διακέαται,
995 617 1097 669 τοὺς
1137 617 1340 661 καλέουσι
1377 617 1553 673 ἐνάρεας
1591 616 1633 659 οἱ

270 689 455 732 Σκύθαι.
1638 685 1642 689 ’

351 754 448 799 Ἐπὶ
478 756 554 810 μέν
585 773 656 798 νυν
687 754 799 799 ὀκτώ
832 756 903 797 καὶ
934 754 1072 797 εἴκοσι
1104 753 1200 796 ἔτεα
1230 746 1357 809 ἦρχον
1393 756 1468 808 τῆς
1494 749 1633 807 ᾍσίης

272 825 314 868 οἱ
338 825 528 875 Σκύθαι,
561 826 631 865 καὶ
657 823 711 866 τὰ
736 824 880 866 πάντα
907 839 988 878 σφι
1013 820 1099 865 ὑπό
1132 838 1179 864 τε
1202 818 1351 878 ὕβριος
1381 821 1454 862 καὶ
1479 817 1634 875 ὀλιγω-

272 897 366 948 ρίης
392 890 613 935 ἀνάστατα
639 886 705 947 ἧν·
736 890 891 947 μέγαν
915 891 991 944 μὲν
1016 888 1096 945 γὰρ
1125 889 1261 946 φόρον
1288 888 1504 945 ἔπρησσον
1529 885 1630 942 παρ’

274 960 464 1003 ἑκάστων
495 958 569 1002 τὸν
602 958 824 1002 ἑκάστοισι
855 957 1105 1012 ἐπέβαλλον,
1144 958 1275 1013 χωρὶς
1307 957 1353 998 δὲ
1383 960 1460 998 τοῦ
1493 955 1633 1012 φόρου

273 1025 468 1085 ἥρπαζον
499 1028 850 1083 περιελαύνοντες
881 1029 1011 1068 τοῦτο
1038 1022 1063 1068 ὅ
1086 1042 1131 1067 τι
1156 1024 1290 1077 ἔχοιεν
1316 1023 1509 1077 ἕκαστοι.
1564 1024 1637 1064 καὶ

274 1096 439 1138 τούτων
463 1096 539 1149 μὲν
570 1093 669 1146 τοὺς
700 1096 886 1145 πλεῦνας
911 1094 1139 1149 Κυαξάρης
1163 1108 1209 1134 τε
1239 1093 1311 1134 καὶ
1335 1091 1479 1147 Μῆδοι
1511 1091 1637 1142 ξεινί-

276 1179 426 1214 σαντες
451 1165 523 1206 καὶ
547 1163 928 1216 καταμεθύσαντες
952 1161 1283 1217 κατεφόνευσαν,
1310 1160 1383 1201 καὶ
1410 1156 1522 1201 οὕτω
1544 1156 1638 1200 ἀνε-

276 1231 472 1274 σώσαντο
509 1229 583 1287 τὴν
620 1228 749 1287 ἀρχὴν
779 1230 923 1285 Μῆδοι
959 1230 1032 1271 καὶ
1068 1228 1325 1284 ἐπεκράτεον
1361 1231 1531 1280 τιῦνπερ
1568 1227 1640 1268 καὶ

275 1299 500 1355 πρότερον,
529 1301 600 1340 καὶ
625 1299 698 1354 την
718 1315 763 1340 τε
785 1302 915 1340 Νίνον
936 1296 1049 1339 εἷλον
1069 1294 1146 1350 (ὦς
1170 1296 1215 1338 δὲ
1236 1294 1361 1346 εἷλον,
1391 1293 1432 1337 ἐν
1453 1293 1641 1349 ἑτέροισι

275 1367 447 1422 λόγοισι
472 1366 672 1422 δηλώσω)
698 1367 770 1407 καὶ
793 1364 893 1415 τους
913 1362 1161 1421 Ἀσσυρίους
1186 1361 1462 1419 ὑποχειρίους
1489 1360 1641 1417 ἐποιή-

277 1450 406 1477 σαντο
432 1433 543 1489 πλὴν
567 1438 643 1490 τῆς
660 1435 939 1488 Βαβυλωνίης
964 1436 1129 1488 μοίρης.
1167 1430 1275 1485 μετὰ
1302 1431 1348 1473 δὲ
1368 1434 1505 1472 ταῦτα
1524 1436 1641 1472 Κυα-

277 1502 406 1557 ξάρης
419 1505 506 1555 με’-ν,
533 1501 796 1555 βασιλεύσας
810 1500 1121 1556 τεσσεράκοντα
1136 1498 1232 1541 ἔτεα
1254 1497 1327 1540 σὺν
1341 1506 1456 1539 τοῖσι
1468 1497 1643 1540 Σκύθαι

276 1563 418 1625 ἧρξαν,
445 1570 637 1624 τελευτᾷ.
677 1566 892 1610 ἐκδέκεται
919 1568 964 1609 δὲ
979 1565 1210 1622 Ηστυάγης
1236 1563 1258 1608 ὃ
1280 1565 1515 1621 Κυαξάρεω
1536 1573 1643 1615 παῖς

275 1636 348 1693 τὴν
373 1638 615 1692 βασιληίην.
665 1641 738 1678 καί
764 1635 805 1678 οἱ
831 1634 994 1691 ἐγένετο
1022 1635 1218 1690 θυγάτηρ
1245 1637 1295 1689 τῇ
1323 1629 1485 1686 οὕνομα
1512 1631 1640 1675 ἔθετο

276 1704 517 1768 Μανδάνην.
544 1702 618 1759 τὴν
645 1702 788 1746 ἐδόκεε
804 1701 1033 1759 Ἀστυάγης
1060 1701 1101 1744 ἐν
1125 1705 1186 1757 τῷ
1212 1698 1334 1756 ὕπνῳ
1363 1698 1547 1756 οὗρῆσαι
1569 1716 1642 1742 το-

279 1777 433 1815 σοῦτον
460 1768 572 1814 ὥστε
597 1773 763 1827 πλῆσαι
788 1772 864 1825 μὲν
889 1770 962 1826 την
989 1770 1152 1812 ἑωυτοῦ
1179 1769 1322 1820 πόλιν,
1359 1767 1643 1810 ἐπικατακλύ-

279 1855 353 1882 σαι
381 1840 426 1882 δὲ
451 1841 523 1881 καὶ
541 1838 615 1894 τὴν
630 1837 768 1894 Ἀσίην
790 1842 948 1881 πᾶσαν.
988 1836 1288 1895 ὑπερθέμενος
1314 1837 1359 1878 δὲ
1378 1840 1463 1878 τιῦν
1482 1836 1642 1891 Μάγων

277 1915 393 1950 τοῖσι
433 1905 759 1963 ὀνειροπόλοισι
795 1905 844 1949 τὸ
884 1905 1082 1948 ἐνύπνιον
1120 1904 1324 1961 ἐφοβήθη
1362 1901 1470 1959 παρ’
1500 1901 1642 1946 αύτιῦν

279 1973 388 2017 αύτὲι
415 1974 573 2016 ἕκαστα
597 1974 770 2028 μαθων.
808 1971 918 2027 μετὰ
945 1974 990 2015 δὲ
1015 1972 1089 2028 τὴν
1108 1972 1336 2027 Μανδάνην
1361 1971 1519 2026 ταύτην
1547 1970 1643 2013 ἐοῦ-

280 2058 358 2085 σαν
394 2039 473 2097 ἤδη
507 2039 661 2096 ἀνδρὸς
698 2040 858 2097 ὡραίην
889 2041 1048 2096 Μήδιον
1078 2040 1154 2094 μὲν
1191 2043 1276 2082 τῶν
1308 2038 1471 2081 ἑωυτοῦ
1511 2035 1642 2090 ἀξίων

281 2108 423 2153 οὐδενὶ
450 2109 567 2151 διδοῖ
588 2118 766 2165 γυναῖκα
788 2107 991 2158 δεδοικὼς
1010 2107 1083 2163 τὴν
1104 2104 1222 2163 ὄψιν,
1251 2105 1274 2150 ὁ
1296 2107 1342 2148 δὲ
1360 2105 1503 2163 Πέρσῃ
1528 2106 1646 2149 διδοῖ

283 2182 341 2233 τῷ
374 2175 536 2231 οὕνομα
567 2171 616 2233 ’ἧν
640 2178 894 2233 Καμβύσης,
936 2175 1010 2219 τὸν
1042 2173 1210 2230 εὕρισκε
1243 2174 1378 2231 οἰκίης
1408 2175 1484 2228 μὲν
1518 2173 1644 2217 ἐόντα

281 2244 454 2301 ἀγαθῆς
483 2246 650 2302 τρόπου
686 2246 732 2287 δὲ
764 2244 960 2301 ἡσυχίου,
1000 2246 1150 2300 πολλῷ
1183 2242 1333 2298 ἔνερθε
1366 2240 1480 2297 ἄγων
1514 2239 1643 2284 αὐτὸν

280 2312 415 2368 μέσου
443 2310 598 2370 ἀνδρὸς
622 2314 788 2369 Μήδου.
840 2312 1143 2368 συνοικεούσης
1170 2311 1215 2353 δὲ
1240 2315 1300 2366 τῴ
1326 2309 1539 2366 Καμβύσῃ
1570 2313 1645 2365 τῆς

281 2380 510 2437 Μανδάνης
541 2379 564 2423 ὁ
586 2379 817 2437 Ἀστυάγης
847 2385 908 2436 τῷ
940 2380 1103 2437 πρώτῳ
1138 2378 1223 2421 ἔτεϊ
1249 2376 1335 2421 εἶδε
1368 2376 1497 2433 ἄλλην
1525 2374 1643 2432 ὄψιν,

284 2449 427 2493 ἐδόκεε
453 2447 501 2492 δέ
526 2448 567 2491 οἱ
593 2447 636 2490 ἐκ
661 2453 746 2491 τῶν
774 2448 952 2491 αἰδοίων
977 2452 1052 2504 τῆς
1077 2445 1298 2504 θυγατρὸς
1328 2446 1487 2502 ταύτης
1514 2449 1647 2502 φῦναι

283 2516 491 2571 ἄμπελον,
518 2515 592 2572 τὴν
614 2517 660 2559 δὲ
681 2514 874 2571 ἄμπελον
891 2516 1082 2569 ἐπισχεῖν
1101 2513 1324 2571 τὴνᾌσίην
1344 2518 1505 2557 πᾶσαν.
1545 2511 1648 2555 ἷδιὺν

283 2586 330 2627 δὲ
354 2589 483 2627 τοῦτο
509 2586 581 2627 καὶ
607 2582 904 2642 ὑπερθέμενος
929 2592 1047 2626 τοῖσι
1078 2581 1404 2640 ὀνειροπόλοισι
1433 2578 1648 2635 μετεπέμ-

284 2661 404 2708 ψατο
442 2651 486 2695 ἐκ
521 2657 607 2695 τῶν
644 2651 844 2709 Περσέων
887 2650 961 2708 τὴν
997 2650 1219 2707 θυγατέρα
1258 2649 1435 2692 ἐπίτεκα
1478 2647 1645 2697 ἐοῦσαν,

285 2719 549 2777 ἀπικομένην
588 2721 633 2763 δὲ
665 2720 884 2778 ἐφύλασσε
912 2719 1177 2774 βουλόμενος
1207 2716 1256 2761 τὸ
1293 2716 1564 2773 γεννεόμενον
1603 2714 1650 2767 ἐξ
