1794 3282
472 256 788 292 ΗΡΟΔΟΤΟΥ
818 257 856 291 Γ.
883 257 958 291 160.
990 256 1031 290 Δ.
1058 256 1089 290 1.
1114 255 1146 290 2.
1405 247 1488 289 245

131 326 179 371 δέ
200 343 273 381 μιν
301 325 519 381 μεγάλως·
559 325 734 380 καὶγὰρ
762 325 880 381 διῦρά
913 324 953 367 οἱ
986 322 1065 367 ἀνὰ
1098 329 1184 367 πᾶν
1217 323 1310 375 ἔτος
1342 323 1486 367 ἐδίδου

128 398 263 436 ταῦτα
288 392 342 435 τά
367 392 560 449 Πέρσῃσί
585 392 676 435 ἐστι
702 393 958 447 τιμιώτατα,
987 394 1058 434 καὶ
1082 391 1156 448 τὴν
1181 392 1420 446 Βαβυλῶνά
1447 391 1489 433 οἱ

130 460 261 503 ἔδωκε
287 458 439 502 ἀτελέα
464 463 675 514 νέμεσθαι
699 463 823 516 μέχρι
848 464 922 516 τῆς
947 459 1105 502 ἐκείνου
1134 459 1249 516 ζόης,
1283 461 1353 501 καὶ
1380 457 1488 501 ἒίλλα

128 526 271 571 πολλὰ
297 526 500 570 ἐπέδωκε.
544 527 759 581 Ζωπύρου
788 527 831 569 δὲ
857 527 1012 569 τούτου
1038 530 1198 582 γίνεται
1224 527 1486 582 Μεγάβυζος,

129 594 177 646 ὃς
198 593 239 636 ἒν
258 594 468 650 Αἰγύπτῳ
491 592 614 636 ἀντία
630 591 868 650 ,Ἀθηναίων
887 596 956 636 καὶ
976 597 1062 636 τῶν
1083 594 1316 648 συμμάχων
1338 593 1489 650 ἐστρα-

127 662 302 717 τήγησε·
339 661 590 716 Μεγαβύζου
625 661 670 703 δὲ
706 661 860 703 τούτου
899 665 1066 717 γίνεται
1090 661 1321 716 Ζώπυρος,
1361 660 1408 712 ὃς
1446 660 1490 713 ἐς

125 726 309 786 Ἀθήνας
335 726 604 784 αι’-τομόλησε
632 728 674 771 ἐκ
699 732 913 783 Περσέων.

783 1054 831 1094 Δ.

211 1195 331 1239 Μετὰ
358 1197 403 1239 δὲ
428 1196 502 1253 τὴν
526 1199 787 1252 Βαβυλῶνος
821 1197 984 1254 αἵρεσιν
1017 1196 1179 1252 ἐγένετο
1213 1196 1285 1240 ἐπὶ
1312 1198 1489 1248 Σκύθας

127 1262 259 1306 αὐτοῦ
280 1267 465 1320 Δαρείου
494 1265 651 1316 ἔλασις.
692 1263 937 1320 ἀνθεούσης
956 1263 1036 1320 γὰρ
1056 1269 1132 1320 τῆς
1149 1263 1288 1321 Ἀσίης
1308 1263 1489 1321 ἀνδράσι

126 1333 197 1373 καὶ
219 1331 449 1388 χρημάτων
473 1333 670 1388 μεγάλων
698 1333 940 1384 συνιόντων,
976 1331 1230 1388 ἐπεθύμησε
1257 1331 1278 1375 ὃ
1305 1340 1489 1386 Δαρεῖος

125 1402 341 1441 τίσασθαι
361 1399 550 1451 Σκύθας,
580 1396 648 1442 ότι
675 1399 828 1442 ἐκεῖνοι
854 1400 1063 1454 πρότεροι
1083 1398 1335 1454 ἐσβαλόντες
1356 1399 1396 1450 ἒς
1416 1398 1489 1455 τὴν

126 1464 318 1521 Μηδικὴν
344 1467 415 1508 καὶ
440 1467 688 1522 νικήσαντες
712 1466 825 1522 μάχῃ
852 1482 951 1516 τους
978 1464 1275 1520 ἀντιευμένους
1295 1465 1488 1523 ὗπνρξαν

128 1531 306 1589 αδικιᾝης
345 1537 420 1588 τῆς
444 1550 524 1590 γαρ
552 1531 638 1575 άνω
656 1531 795 1588 Ασιής
822 1534 962 1589 ν’ρξαν,
992 1530 1050 1583 ιῦς
1075 1535 1145 1575 καὶ
1171 1534 1414 1589 πρότερόν
1412 1550 1486 1575 ιιοι

126 1600 305 1654 ε’ίρνται,
329 1599 535 1643 Σκύ’θαι
523 1600 620 1643 ε’τεα
641 1602 753 1642 δυιῦν
775 1601 925 1643 δέοντα
944 1600 1184 1656 τριύκοντα.
1222 1605 1487 1657 Κιμμερίους

125 1666 205 1722 γὰρ
234 1667 537 1718 ἒτιδιιύκοντες
564 1667 768 1721 ἐσέβαλον
800 1666 842 1718 ἐς
872 1666 946 1724 τὴν
966 1665 1106 1724 Ασίην
1130 1668 1487 1718 καταπαύσαντες

125 1751 200 1789 τις
227 1732 355 1790 ἀρχῆς
379 1735 574 1790 Μηδους·
609 1735 726 1777 οὗτοι
753 1733 832 1791 γὰρ
859 1736 962 1791 πρὶν
987 1732 1013 1790 ἢ
1041 1735 1216 1785 Σκύθας
1242 1733 1486 1777 ἀπικέσθαι

126 1803 252 1857 ἦρχον
277 1806 352 1858 τῆς
373 1799 524 1857 Ασίης.
579 1801 681 1853 τοῖς
708 1802 754 1844 δὲ
778 1802 956 1852 Σκύθας
983 1799 1350 1858 ἀποδηιιησαντας
1376 1799 1486 1844 buz«)

125 1871 196 1911 καὶ
223 1869 359 1912 είκοσι
386 1869 481 1912 ε’τεα
506 1870 576 1911 καὶ
604 1868 676 1911 διὰ
697 1869 852 1926 χρόνου
874 1870 1085 1911 τοσούτου
1106 1869 1332 1919 κατιόντας
1353 1868 1395 1920 ἒς
1413 1886 1485 1911 τγν

127 1936 335 2015 σφετέρην
374 1935 595 1988 ἐξεδέξατο
635 1952 710 1978 ουκ
753 1935 948 1979 ἐλάσσων
984 1937 1119 1986 πόιος
1162 1940 1236 1978 τοῦ
1272 1937 1486 1992 Μηδικοῦ·

126 2019 249 2059 ευρον
273 2003 353 2059 γὰρ
381 2001 653 2059 ἀντιευιιένην
685 2019 766 2059 σφι
799 2001 1001 2060 στρατιὴν
1028 2019 1102 2046 ουκ
1134 2001 1298 2059 ὀλίγην·
1338 2020 1381 2045 αι
1406 2002 1486 2058 γὰρ

90 2111 96 2115 .
123 2075 210 2113 τιῦν
234 2075 442 2114 Σκυθέων
466 2079 671 2126 γυναῖκες,
702 2068 761 2121 ω’ς·
787 2085 868 2128 σφι
895 2070 937 2113 οἱ
963 2068 1114 2128 ἄνδρες
1140 2068 1314 2127 ἀπῆσαν
1335 2071 1488 2124 χρόνον

125 2139 299 2190 πολλόν,
334 2138 532 2196 ἐφοίτεον
562 2137 684 2193 παρὰ
713 2136 814 2190 τοὺς
846 2138 1040 2189 δούλους.
1100 2136 1200 2189 τοὺς
1231 2139 1277 2180 δὲ
1309 2138 1488 2189 δούλους

127 2206 169 2249 οἱ
200 2207 376 2250 Σκύθαι
412 2207 580 2256 πάντας
615 2208 830 2263 τυφλοῦσι
866 2210 943 2249 τοῦ
979 2207 1190 2261 γάλακτος
1221 2206 1374 2248 εἵνεκεν
1410 2210 1488 2248 τοῦ

127 2277 303 2315 πίνουσι
328 2278 552 2324 ποιεῦντες
579 2267 676 2316 ὦδε.
727 2272 859 2316 ἐπεὰν
885 2277 1134 2330 φυσητῆρας
1158 2273 1326 2326 λάβωσι
1348 2271 1488 2314 ὀστεΐ-

127 2356 226 2390 νους
258 2337 429 2383 αὖλοῖσι
468 2341 953 2397 προσεμφερεστάτους,
992 2341 1172 2389 τούτοις
1209 2338 1410 2389 ἐσθέντες
1447 2339 1489 2390 ἒς

127 2411 212 2449 τῶν
243 2406 415 2462 θηλέων
446 2407 597 2450 ἵππων
627 2406 681 2449 τὰ
714 2405 863 2462 ἄρθρα
895 2411 1108 2464 φυσέουσι
1137 2415 1253 2449 τοῖσι
1286 2407 1485 2460 στόμασι,

129 2472 253 2517 ἄλλοι
291 2475 336 2516 δὲ
374 2473 514 2517 ἄλλων
553 2474 802 2531 φυσεόντων
836 2473 1083 2529 ἀμέλγουσι.
1145 2474 1256 2530 φασὶ
1288 2474 1333 2515 δὲ
1353 2475 1488 2517 ’τοῦδε

129 2542 281 2584 εἵνεκεν
306 2546 432 2584 τοῦτο
459 2546 643 2584 ποιέειν·
668 2540 746 2592 τὰς
768 2541 932 2599 φλέβας
951 2558 996 2584 τε
1017 2542 1309 2595 πίμπλασθαι
1329 2556 1489 2598 φυσεο-

129 2613 258 2664 μένας
292 2613 367 2665 τῆς
403 2610 545 2652 ἵππου
583 2610 652 2651 καὶ
691 2608 740 2652 τὸ
779 2603 922 2664 οὖθαρ
960 2612 1207 2651 κατίεσθαι.
1269 2606 1399 2651 ἐπεὰν
1442 2609 1489 2651 δὲ

130 2675 347 2730 ἀμέλξωσι
372 2676 420 2720 τὸ
447 2677 576 2733 γάλα,
606 2675 825 2730 ἐσχέαντες
851 2675 893 2726 ἒς
919 2676 1065 2728 ξύλινα
1091 2673 1246 2732 ἀγγήια
1269 2677 1394 2718 κοῖλα
1417 2678 1489 2718 καὶ

129 2746 452 2800 περιστίξαντες
475 2743 584 2787 κατὰ
609 2742 663 2787 τὰ
690 2742 845 2800 ἀγγήια
875 2742 975 2794 τοὺς
999 2742 1189 2800 τυφλοὺς
1220 2741 1415 2786 δονέουσι
1438 2741 1488 2785 τὸ
