1794 3282
523 219 838 254 HPOAOTOY
868 220 911 254 A.
938 219 1128 254 199-202.
1457 210 1510 252 89

146 290 298 347 χρόνον
322 293 512 344 μένουσι.
575 288 718 345 ἐνιαχῇ
753 289 799 331 63
829 290 901 331 καὶ
931 292 1007 345 τῆς
1031 288 1211 345 Κύπρου
1245 287 1337 331 ἔστι
1368 304 1513 343 παρα-

149 358 337 414 πλήσιος
360 356 501 412 τούτῳ
528 356 673 411 νόμος.

235 425 381 479 Νόμοι
412 425 489 479 μὲν
522 423 572 480 δὴ
604 432 722 467 τοῖσι
751 426 1074 479 Βαβυλωνίοισι
1106 417 1229 467 οῦτοι
1266 428 1512 467 κατεστᾶσι.
1539 436 1592 461 ‘200

153 493 238 537 εἰσὶ
265 494 311 536 63
338 490 479 535 αὗτιῦν
505 493 687 548 πατριαὶ
718 501 834 574 τρεῖς
865 495 913 535 αἱ
943 491 1066 535 οὐδὲν
1099 490 1203 535 ἄλλο
1231 496 1446 535 σιτέονται
1478 491 1517 534 εἰ

151 560 208 618 μὴ
244 561 372 617 ἰχθῦς
403 564 578 624 μοῦνον,
611 559 712 610 τοὺς
744 559 888 603 ἐπείτε
920 558 970 602 ἂν
1000 559 1295 615 θηρεύσαιτες
1326 558 1518 616 αὐήνωσι

151 628 263 687 πρὸς
278 626 408 685 η’λιον,
431 632 608 670 ποιεῦσι
628 620 762 670 τάδε·
764 626 1037 682 ἐσβάλλωοισι
1053 627 1095 678 ἐς
1109 624 1242 681 όλιιον
1256 629 1327 670 καὶ
1346 628 1519 684 λεήναν-

151 714 220 748 τες
236 695 437 754 ῦπεροισι
453 700 562 738 σιῦσι
578 694 650 737 διὰ
667 682 873 746 σινδόνος,
895 697 967 737 καὶ
988 695 1035 746 ὃς
1053 696 1129 749 ιιὲν
1145 693 1195 737 ἂν
1213 696 1422 752 βούληται
1444 693 1519 737 αύ-

151 769 237 808 τιῦν
259 762 333 807 ἅτε
352 764 489 818 μᾶζαν
502 763 746 817 μαξάμενος
766 762 863 815 ἔχει,
892 760 971 822 ὅδὲ
985 761 1115 819 ἄρτου
1131 763 1295 819 τρόπον
1311 761 1518 820 ὀπτήσας.

234 831 297 883 Ὦς
324 833 369 874 63
394 835 455 886 τῷ
475 831 602 885 Κύρῳ
629 831 702 871 καὶ
727 834 856 872 τοῦτο
882 828 932 872 τὸ
961 829 1089 880 ἔθνος
1113 833 1390 886 κατέργαστο,
1420 830 1520 872 ἐπε-
1545 843 1594 867 201

154 901 327 955 θύμησε
348 897 636 953 Μασσαγέτας
662 894 734 939 ὑπ’
755 896 894 953 ἑαυτῷ
920 897 1216 952 ποιήσασθαι.
1254 895 1304 939 τὸ
1326 898 1371 939 63
1394 897 1522 948 ἔθνος

152 972 280 1011 τοῦτο
307 967 376 1008 καὶ
402 968 511 1021 μέγα
542 966 711 1021 λέγεται
742 962 853 1007 εἶναι
883 966 955 1007 καὶ
987 963 1179 1019 ἄλκιμον,
1221 964 1443 1020 οἰκημένον
1477 965 1523 1006 63

155 1034 265 1091 πρὸς
290 1032 352 1091 ἠιῦ
378 1049 423 1076 τε
448 1035 520 1075 καὶ
545 1030 666 1088 ἡλίου
700 1030 929 1084 ἀνατολάς,
963 1032 1098 1090 πέρην
1122 1037 1199 1075 τοῦ
1221 1030 1404 1088 Ἀράξεω
1440 1049 1524 1075 πο-

153 1107 306 1157 ταμοῦ,
341 1099 484 1144 ἀντίον
511 1101 556 1143 δὲ
577 1099 831 1157 Ἰσσηδόνων
858 1099 1037 1156 ἀνδρῶν.
1088 1100 1173 1144 εἰσὶ
1200 1101 1246 1143 63
1273 1101 1429 1151 οἵτινες
1453 1102 1525 1143 καὶ

155 1169 371 1216 Σκυθικὸν
407 1168 582 1225 λέγουσι
616 1173 746 1211 τοῦτο
782 1167 830 1211 τὸ
867 1168 996 1219 ἔθνος
1028 1166 1151 1212 εἶναι.
1215 1166 1237 1211 ὃ
1277 1169 1323 1211 63
1350 1167 1525 1225 Σίράξης
1550 1182 1601 1206 *202

157 1242 323 1295 λέγεται
348 1239 419 1280 καὶ
444 1237 582 1292 μέζων
607 1239 678 1279 καὶ
705 1236 899 1280 ἐλάσσων
926 1234 1036 1279 εἶναι
1060 1241 1136 1279 τοῦ
1153 1234 1333 1293 Ἴστρου.
1371 1237 1526 1293 νήσους

159 1306 197 1350 6³
222 1307 263 1350 ἐν
296 1304 413 1362 αὐτῷ
446 1309 602 1361 Λέσβῳ
635 1305 836 1361 μεγάθεα
868 1306 1183 1362 παραπλησίας
1222 1295 1376 1358 συχῖάς
1414 1321 1527 1361 φασι

159 1372 280 1427 εἶναι,
309 1373 351 1417 ἐν
378 1374 423 1416 63
450 1372 604 1430 αὐτῇσι
631 1372 899 1429 ἀνθρώπους
926 1376 968 1415 οἳ
995 1377 1212 1416 σιτέονται
1237 1374 1312 1427 μὲν
1339 1373 1458 1429 ῥίζας
1477 1373 1526 1415 τὸ

159 1446 294 1500 θέρος
325 1441 581 1498 ὀρύσσοντες
613 1445 842 1493 παντοίας,
881 1440 1076 1497 καρποὺς
1108 1441 1153 1483 63
1193 1439 1282 1483 ἀπὸ
1322 1441 1528 1497 δενδρέων

163 1510 464 1566 ἐξευρημένους
490 1525 571 1566 σφι
598 1508 639 1560 ἐς
665 1508 832 1566 φορβὴν
857 1513 1184 1551 κατατίθεσθαι
1211 1507 1417 1565 ὡραίους,
1458 1510 1528 1550 καὶ

161 1578 343 1628 τούτους
369 1580 598 1620 σιτέεσθαι
622 1576 696 1633 τὴν
720 1577 973 1633 χειμερινήν.
1032 1574 1142 1618 ἄλλα
1175 1575 1222 1618 63‘
1247 1592 1328 1633 σφι
1360 1575 1531 1632 ἐξευρῆ-

164 1651 276 1690 σθαι
291 1646 466 1701 δένδρεα
479 1643 674 1701 καρποὺς
688 1645 889 1687 τοιούσδε
903 1644 1023 1695 τινας
1038 1647 1239 1701 φέροντα,
1266 1642 1367 1694 τοὺς
1387 1644 1530 1686 ἐπείτε

164 1712 214 1757 ἂν
241 1713 283 1765 ἐς
307 1712 448 1756 τώυτὸ
476 1714 723 1756 συνέλθωσι
748 1711 856 1756 κατὰ
882 1713 978 1763 ἰ’λας
1003 1715 1073 1754 καὶ
1095 1717 1182 1767 πῦρ
1204 1709 1532 1754 ἀνακαύσωνται

163 1782 301 1838 κύκλῳ
334 1781 660 1838 περιιζομένους
692 1780 943 1835 ἐπιβάλλειν
972 1779 1047 1823 ἐπὶ
1072 1779 1121 1822 τὸ
1155 1785 1260 1835 πῦρ,
1295 1777 1533 1836 ὀσφραινο-

163 1854 317 1904 μένους
344 1849 389 1891 63
414 1848 746 1904 καταγιζομένου
773 1853 850 1891 τοῦ
877 1852 1047 1904 καρποῦ
1078 1852 1156 1890 τοῦ
1189 1847 1531 1901 ἐπιβαλλομένου

163 1917 472 1972 μεθύσκεσθαι
492 1921 542 1973 τῇ
563 1915 675 1973 ὀδμῇ
692 1913 1105 1972 ’κατάπερἝλληνας
1123 1920 1184 1971 τῷ
1207 1916 1321 1971 οἴνῳ,
1350 1917 1533 1965 πλεῦνος

166 1986 211 2028 δὲ
234 1984 579 2065 ἐπιβαλλομένου
607 1988 684 2028 τοῦ
710 1988 879 2041 καρποῦ
904 1985 1067 2038 μᾶλλον
1092 1983 1417 2037 μεθύσκεσθαι,
1447 1982 1488 2034 ἐς
1509 1983 1531 2025 ὃ

167 2053 209 2104 ἐς
230 2050 423 2133 ὄρχησίν
423 2069 468 2094 τε
484 2050 751 2095 ἀνίστασθαι
771 2054 842 2094 καὶ
865 2051 907 2102 ἐς
928 2050 1078 2108 ἀοιδην
1094 2050 1398 2094 ἀπικνέεσθαι.
1436 2051 1536 2094 τού-

165 2137 250 2164 των
275 2121 350 2174 μὲν
378 2137 482 2176 αυτη
510 2120 677 2176 λέγεται
704 2120 852 2163 δίαιτα
878 2117 1000 2171 εἶναι,
1030 2118 1051 2162 ὁ
1074 2120 1120 2162 63
1134 2117 1310 2201 Ηράξης
1335 2118 1536 2173 ποταιιὸς

168 2188 256 2245 ρέει
279 2189 355 2243 μὲν
382 2187 426 2231 ἐκ
443 2193 684 2244 Πατιηνιῦι,
708 2185 899 2245 ὅθενπερ
928 2205 949 2230 ο
973 2198 993 2230 I
998 2188 1135 2243 ύνδης
1160 2187 1233 2230 τὸν
1260 2187 1303 2238 ἐς
1327 2204 1405 2238 τας
1432 2187 1536 2230 διιό-

169 2272 299 2312 ρυχας
329 2255 407 2306 τὰς
440 2255 643 2312 ἑξήκοντά
674 2273 719 2298 τε
749 2258 821 2299 καὶ
844 2260 1096 2312 τριηκοσίας
1123 2256 1297 2309 διέλαβε
1330 2253 1352 2296 ὁ
1380 2258 1533 2308 Κῦρος,

172 2324 360 2377 στόμασι
380 2324 426 2365 63
446 2322 712 2380 ἐξερεύγεται
730 2323 1056 2379 τεσσεράκοντα,
1084 2327 1170 2365 τιῦν
1191 2321 1245 2365 τὰ
1259 2323 1402 2364 πάντα
1425 2321 1538 2377 πλὴν

173 2390 264 2442 ἑνὸς
290 2390 332 2441 ἐς
359 2390 455 2433 ἕλεά
481 2408 525 2433 τε
552 2393 620 2433 καὶ
647 2391 826 2446 τενάγεα
853 2390 1028 2442 ἐκδιδοῖ,
1059 2390 1100 2432 ἐν
1124 2398 1242 2432 τοῖσι
1268 2387 1538 2444 ἀνθρώπους

171 2462 463 2515 κατοικῆσθαι
482 2460 653 2513 λέγουσι
675 2458 802 2510 ἰχθῦς
823 2456 967 2512 ὠμοὺς
988 2461 1282 2511 σιτεομένους·
1310 2456 1468 2517 ἐσθῆτι
1490 2457 1537 2499 63

172 2527 423 2581 νομίζοντας
445 2530 643 2582 χρᾶσθαι
669 2525 848 2582 φωκέων
876 2525 1070 2582 δέρμασι.
1108 2524 1157 2567 τὸ
1185 2525 1231 2566 63
1259 2525 1300 2566 ἓν
1325 2528 1410 2566 τιῦν
1438 2540 1538 2567 στο-

172 2595 320 2649 μάτων
356 2598 432 2636 τοῦ
460 2591 641 2650 Αράξεω
680 2594 766 2650 ῥέει
805 2592 878 2635 διὰ
915 2596 1116 2648 καθαροῦ
1155 2591 1197 2642 ἐς
1232 2610 1306 2648 την
1336 2596 1541 2648 Κασπίην

174 2662 418 2705 θάλασσαν.
482 2680 503 2717 η
532 2662 578 2703 63
603 2665 780 2716 Κασπίη
814 2660 1022 2703 θάλασσά
1057 2659 1148 2702 ἐστι
1180 2658 1245 2702 ἐπ’
1275 2659 1452 2715 ἑωυτῆς,
1489 2676 1536 2702 ου

176 2734 479 2786 συμμίσγουσα
510 2734 559 2786 τῇ
593 2728 712 2785 ἑτέρῃ
745 2724 965 2784 θαλάσση.
1025 2746 1099 2784 την
1135 2727 1211 2782 ιιὲν
1241 2725 1322 2784 γὰρ
1344 2724 1542 2784 Ἕλληνες
