1794 3282
297 245 378 287 178
720 251 1036 286 ΗΡΟΔΟΤΟΥ
1064 251 1103 284 Γ.
1129 250 1229 286 5-8.

292 326 458 366 Κασίου
484 337 530 363 τε
557 319 705 376 οῖ”ρεος
734 322 805 362 καὶ
830 323 905 376 τῆς
929 320 1199 376 Σερβωνίδος
1223 322 1390 378 λίμνης,
1426 319 1494 363 ἐὸν
1526 324 1655 363 τοῦτο

293 388 369 432 οὐκ
401 387 543 444 ὀλίγον
571 391 729 444 χωρίον
762 385 851 429 ἀλλ’
874 384 977 430 ὅσον
1007 403 1054 429 τε
1086 386 1161 430 ἐπὶ
1197 397 1313 445 τρεῖς
1343 386 1504 446 ἡμέρας
1538 385 1653 438 ὁδόν,

252 471 268 495 6
294 455 474 514 ἄνυδρόν
501 455 594 498 ἔστι
621 456 785 506 δειναῖς.
822 453 871 498 τὸ
898 455 945 497 δὲ
971 452 1109 510 ὀλίγοι
1133 459 1219 498 τῶν
1246 455 1288 507 ἔς
1305 456 1529 512 Αἴγυπτον
1555 472 1658 497 ναυ-

291 523 550 577 τιλλομένων
578 522 842 575 ἐννενώκασι,
869 527 996 566 τοῦτο
1024 522 1203 579 ἔρχομαι
1228 523 1422 580 φράσων.
1461 523 1503 574 ἐς
1521 524 1657 578 Α’ίγυ-

292 608 400 634 πτον
427 590 471 634 ἐκ
495 595 569 648 τῆς
583 588 785 642 Ἑλλάδος
804 590 950 647 πάσης
967 592 1040 633 καὶ
1060 589 1172 647 πρὸς
1193 589 1237 633 ἐκ
1258 595 1454 647 Φοινίκης
1472 596 1658 647 κέραμος

295 658 496 715 ἐσάγεται
521 658 687 716 πλήρης
714 658 830 701 οἴνου
859 659 925 709 δὶς
948 662 1025 701 τοῦ
1053 657 1171 709 ἔτεος
1197 657 1397 710 ἑκάστου,
1425 661 1497 701 καὶ
1522 660 1564 701 ἓν
1589 676 1656 701 κε-

294 728 450 783 ράμιον
477 724 645 782 οἰνηρὸν
672 724 852 782 ἀριθμῷ
876 729 1067 781 κείμενον
1094 724 1170 768 οὐκ
1195 725 1287 769 ἔστι
1308 724 1366 777 ὡς
1385 726 1498 781 λόγῳ
1519 726 1657 769 εἰπεῖν

296 794 488 837 ἰδέσθαι.
548 797 623 836 κοῦ
657 794 781 850 δῆτα,
815 794 935 836 ε’ίποι
966 810 1033 845 τις
1064 791 1127 846 ἄν,
1160 798 1296 836 ταῦτα
1327 791 1658 852 ἆναισιμοῦται,·

295 862 377 918 ἐγὼ
403 864 474 904 καὶ
499 866 628 905 τοῦτο
656 862 827 919 φράσω.
879 862 947 904 δεῖ
968 860 1041 904 τὸν
1065 861 1141 915 μὲν
1168 861 1384 918 δήμαρχον
1411 861 1587 904 ἕκαστον
1614 860 1658 904 ἐκ

292 934 368 986 τῆς
393 928 557 972 ἑωυτοῦ
583 930 740 980 πόλιος
766 930 1026 980 συλλέξαντα
1057 930 1201 972 πάντα
1230 928 1305 972 τὸν
1329 932 1513 985 κέραμον
1540 926 1657 984 ἄγειν

294 996 337 1048 ές
364 996 549 1054 Μέμφιν,
583 996 685 1048 τοὺς
717 997 762 1039 δὲ
794 996 837 1039 ἐκ
861 1000 1065 1053 Μέμφιος
1097 995 1140 1047 ἐς
1169 1001 1307 1040 ταῦτα
1338 995 1388 1052 δὴ
1413 996 1468 1039 τὰ
1495 994 1656 1053 ἄνυδρα

291 1069 367 1122 τῆς
391 1069 548 1122 Συρίης
574 1065 762 1119 κομίζειν
787 1064 1036 1120 πλήσαντας
1061 1061 1234 1116 ὕδατος.
1286 1061 1398 1106 οὕτω
1426 1062 1448 1106 ὃ
1477 1063 1657 1121 ἐπιφοι-

291 1132 399 1176 τέων
424 1132 609 1188 κέραμος
633 1134 705 1175 καὶ
731 1131 1028 1186 ἐξαιρεόμενος
1060 1131 1100 1174 ἓν
1125 1132 1336 1188 Αἰγύπτῳ
1371 1131 1446 1175 ἐπὶ
1469 1130 1543 1174 τὸν
1569 1149 1656 1174 πα-

251 1215 266 1240 7
291 1199 412 1243 λαιὸν
437 1200 658 1254 κομίζεται
684 1199 726 1250 ἐς
750 1203 921 1256 Συρίην.
983 1196 1095 1242 οὕτω
1118 1203 1198 1254 μέν
1222 1217 1294 1242 νυν
1313 1199 1481 1255 Πέρσαι
1507 1199 1592 1242 εἰσὶ
1614 1199 1657 1241 οἱ

290 1267 365 1325 τὴν
391 1266 569 1324 ἐσβολὴν
594 1268 750 1323 ταύτην
775 1267 1185 1324 παρασκευάσαντες
1205 1265 1518 1322 ἔπἈἴγυπτον,
1545 1266 1655 1310 κατὰ

291 1335 341 1393 δὴ
372 1334 427 1378 τὰ
459 1335 659 1391 εἰρημένα
691 1335 896 1386 σάξαντες
933 1332 1077 1385 ὕδατι,
1119 1334 1263 1377 ἐπείτε
1299 1334 1483 1387 τάχιστα
1520 1337 1657 1391 παρέ-

288 1405 420 1458 λαβον
444 1403 681 1457 Αἴγυπτον.
718 1401 818 1444 τότε
846 1401 892 1443 δὲ
919 1399 994 1443 οὐκ
1021 1400 1167 1452 ἐόντος
1192 1418 1252 1443 κω
1278 1398 1438 1452 ὕδατος
1464 1400 1652 1455 ἑτοίμου,

287 1470 526 1525 Καμβύσης
550 1468 805 1522 πυθόμενος
829 1473 906 1512 τοῦ
922 1466 1271 1526 Σίλικαρνησσέος
1292 1471 1442 1522 ξείνου,
1472 1472 1655 1524 πέμψας

288 1537 411 1595 παρὰ
434 1536 508 1580 τὸν
529 1534 725 1591 Ἀράβιον
758 1534 963 1592 ἀγγέλους
993 1539 1065 1579 καὶ
1098 1537 1274 1593 δεηθεὶς
1304 1541 1380 1594 τῆς
1413 1535 1654 1593 ἀσφαλείης

247 1620 263 1645 8
289 1606 419 1659 ἔτυχε,
448 1608 598 1654 πίστις
619 1604 719 1654 δούς
738 1620 784 1646 τε
804 1606 876 1646 καὶ
896 1605 1127 1659 δεξάμενος
1148 1602 1249 1659 παρ’
1267 1602 1414 1647 αὐτοῦ.
1454 1608 1656 1659 σέβονται

288 1674 335 1717 δὲ
350 1671 543 1729 Άράβιοι
567 1676 717 1722 πίστις
742 1669 995 1728 ἀνθρώπων
1022 1670 1155 1726 ὁμοῖα
1174 1681 1292 1715 τοῖσι
1310 1673 1514 1726 μάλιστα.
1553 1689 1656 1715 ποι-

288 1745 434 1785 εὖνται
453 1741 499 1783 δὲ
519 1737 652 1790 αὐτὰς
672 1739 824 1796 τρόπῳ
846 1740 1024 1796 τοιῷδε·
1050 1744 1134 1783 τῶν
1147 1742 1422 1794 βουλομένων
1442 1739 1496 1782 τὰ
1517 1738 1654 1782 πιστὰ

288 1808 530 1852 ποιέεσθαι
556 1806 686 1857 ἄλλος
712 1805 817 1864 ἀνὴρ
846 1805 1105 1865 ἀμφοτέρων
1132 1806 1274 1851 αὐτῶν
1296 1807 1475 1864 ἐνμέσῳ
1497 1806 1655 1858 ἑστεὼς

289 1878 404 1931 λίθῳ
433 1873 524 1927 ὀξέϊ
547 1874 596 1918 τὸ
625 1874 709 1918 ἔσω
735 1879 820 1918 τῶν
842 1880 998 1932 χειριῦν
1023 1874 1146 1931 παρὰ
1171 1875 1273 1926 τοὺς
1299 1876 1534 1926 δακτύλους
1554 1874 1655 1925 τοὺς

288 1944 501 1999 μεγάλους
538 1942 765 1996 ἐπιτάμνει
804 1942 908 1999 [τῶν
939 1947 1209 1997 ποιευμένων
1245 1942 1324 1994 τὰς
1355 1942 1544 1998 πίστις],
1583 1944 1654 1984 καὶ

290 2011 457 2053 ἐ’πειτεν
482 2008 625 2063 λαβὼν
652 2009 695 2052 ἐκ
719 2014 794 2052 τοῦ
824 2010 995 2063 ἱματίου
1029 2010 1229 2065 ἑκατέρου
1263 2011 1450 2066 κροκύδα
1480 2008 1654 2065 ἀλείφει

290 2082 350 2133 τῷ
378 2077 530 2131 αἵματι
555 2076 596 2119 ἓν
621 2081 740 2133 μέσῳ
767 2081 986 2131 κειμένους
1010 2079 1167 2128 λίθους
1181 2077 1306 2127 ἑπτά,
1333 2081 1461 2120 τοῦτο
1486 2077 1531 2119 δὲ
1552 2094 1654 2120 ποι-

291 2145 372 2188 έων
404 2144 622 2187 ἐπικαλέει
651 2145 726 2187 τόν
755 2161 802 2187 τε
827 2145 1040 2188 Διόνυσον
1070 2147 1143 2187 καὶ
1172 2144 1246 2201 τὴν
1275 2143 1494 2201 Οὐρανίην.
1556 2144 1653 2187 ἔπι-

292 2212 542 2263 τελέσαντος
568 2213 614 2254 δὲ
638 2212 793 2254 τούτου
820 2217 976 2266 ταῦτα,
1012 2211 1034 2255 ὂ
1065 2211 1144 2263 τὰς
1175 2217 1325 2264 πίστις
1358 2212 1656 2269 ποιησάμενος

294 2288 409 2323 τοῖσι
435 2282 605 2336 φίλοισι
629 2296 819 2337 παρεγγυ
831 2284 950 2323 ἆται
980 2279 1054 2323 τὸν
1085 2282 1220 2333 ξεῖνον
1254 2279 1278 2336 ἢ
1310 2282 1381 2323 καὶ
1405 2279 1480 2323 τὸν
1507 2278 1652 2331 ἀστόν,

292 2345 340 2404 ἢν
366 2346 477 2403 πρὸς
503 2346 633 2390 ἀστὸν
652 2351 877 2405 ποιέηται·
904 2348 946 2391 οἱ
967 2348 1013 2391 δὲ
1031 2350 1155 2405 φίλοι
1174 2350 1244 2390 καὶ
1265 2346 1389 2390 αὐτοὶ
1408 2347 1497 2399 τὰς·
1507 2351 1655 2397 πίστις

294 2415 506 2458 δικαιεῦσι
538 2420 764 2470 σέβεσθαι.
825 2416 1038 2459 Διόνυσον
1072 2416 1118 2458 δὲ
1149 2414 1258 2458 θεὸν
1288 2420 1446 2469 μοῦνον
1478 2417 1550 2457 καὶ
1580 2414 1655 2470 τὴν

295 2481 500 2540 Οὐρανίην
526 2482 720 2540 ἡγέονται
746 2481 874 2536 εἶναι,
902 2485 974 2526 καὶ
998 2487 1084 2525 τῶν
1108 2487 1265 2538 τριχῶν
1290 2481 1364 2540 τὴν
1390 2481 1543 2539 κουρὴν
1569 2486 1655 2524 κεί-

293 2555 455 2608 ρεσθαί
480 2568 591 2608 φασι
617 2552 810 2608 κατάπερ
838 2549 967 2594 αὐτὸν
986 2549 1060 2594 τὸν
1080 2551 1291 2594 Διόνυσον
1310 2551 1543 2606 κεκάρθαι·
1569 2555 1655 2592 κεί-

294 2635 441 2674 ρονται
473 2620 519 2661 δὲ
548 2620 859 2674 περιτρόχαλα,
897 2620 1221 2676 περιξυρέοντες
1256 2618 1358 2669 τοὺς
1393 2617 1652 2674 κροτάφους.

297 2684 583 2740 οὗνομάζουσι
604 2689 649 2730 δὲ
668 2687 741 2731 τὸν
759 2688 836 2742 μὲν
856 2687 1066 2731 Διόνυσον
1081 2684 1263 2743 Ὀροτάλ,
1285 2684 1358 2743 τὴν
1380 2686 1425 2728 δὲ
1448 2683 1652 2739 Οὐρανίην

291 2754 472 2798 Ἀλιλάτ.
