1794 3282
134 242 203 272 XX

134 318 242 352 simili
259 317 398 352 ratione
417 318 461 351 de
480 317 532 351 eis
549 317 791 361 temporibus,
808 316 844 350 in

135 363 267 407 quibus
285 362 463 408 Aegyptii
485 362 658 395 servitute
682 361 846 406 oppressi

133 408 351 442 tenebantur
373 410 646 450 exterorumque
674 407 754 451 regi
781 406 844 439 im-

133 453 235 498 perio
274 452 469 496 parebant,
523 451 708 485 Herodoto
752 450 846 484 falsa

134 507 390 540 nonnunquam
412 495 648 529 tradiderunt.
698 495 742 528 In
768 495 844 528 uni-

133 553 277 576 versum
299 552 383 574 vero
413 540 620 574 aestimanti
649 544 746 574 certo
770 550 844 573 cer-

133 588 204 620 tius
224 589 289 626 est,
313 586 539 619 Herodotum
557 584 667 618 etiam
683 585 721 618 in
737 584 845 618 rebus

132 630 330 675 Aegyptiis
348 630 595 664 describendis
612 630 709 674 ipsos
727 629 845 663 fontes

133 672 302 710 accurate
335 675 517 720 delegisse
551 678 660 719 atque
689 674 846 708 fideliter

133 720 364 766 expressisse,
381 720 433 754 ita
449 723 489 754 ut
505 720 689 764 nonnulla,
713 730 806 764 quae
824 730 845 753 a

133 765 381 800 sacerdotibus
391 765 464 799 sive
477 765 736 809 interpretibus
745 766 844 804 (Dol-

133 812 305 853 melscher)
319 810 357 844 in
370 821 525 844 errorem
537 811 705 844 inductus
718 821 845 855 parum

133 860 231 890 recte
248 856 457 900 tradiderit,
482 855 590 890 facile
609 855 643 889 ei
667 855 844 889 condone-

133 913 222 935 mus.
241 921 286 926 —
303 901 413 935 Haud
431 901 559 935 eadem
572 900 663 934 fides
677 900 845 934 habenda

132 947 277 980 videtur
293 946 361 989 eis,
386 957 477 990 quae
497 946 702 980 Herodotus
720 946 765 979 de
783 956 844 989 po-

133 991 229 1036 pulis
258 991 437 1035 rebusque
463 990 741 1036 Scytharum,
770 990 844 1024 Li-

134 1038 280 1081 byum,
313 1036 519 1069 Indorum
542 1036 673 1069 litteris
697 1035 844 1068 manda-

131 1082 195 1115 vit.
216 1080 375 1121 Quarum
388 1081 577 1125 regionum
590 1092 670 1114 cum
678 1083 846 1125 exiguam

132 1130 274 1160 tantum
290 1130 433 1170 partem
449 1126 528 1170 ipse
546 1125 700 1169 visisset,
722 1125 844 1170 impri-

133 1172 200 1206 mis
224 1170 369 1205 fuerunt
390 1174 625 1213 mercatores,
650 1181 738 1215 quos
763 1181 844 1204 con·

137 1216 257 1250 suluit.
301 1216 403 1256 Quae
421 1227 501 1250 cum
517 1215 570 1250 ita
587 1215 670 1259 sint,
689 1220 725 1249 et
737 1217 845 1249 rebus
856 1234 859 1270 ὁ

132 1261 315 1295 historicis
334 1265 368 1295 et
382 1261 652 1306 geographicis,
671 1272 760 1305 quas
773 1264 844 1295 tra-

134 1306 229 1340 didit
247 1306 291 1340 de
308 1306 448 1350 Libya,
474 1306 642 1351 Scythia,
666 1306 774 1340 India
792 1306 859 1339 fa*

132 1352 262 1386 bulosa
293 1351 453 1385 admixta
487 1362 564 1386 esse
592 1351 673 1395 quis
702 1355 757 1385 est
784 1351 846 1395 qui

132 1396 307 1431 miretur?
336 1396 550 1440 Quanquam
566 1396 754 1441 permultis
771 1396 845 1431 He-

132 1441 250 1475 rodoti
267 1441 547 1485 narrationibus,
566 1453 659 1486 quae
677 1442 845 1486 probabi—

132 1486 246 1520 litatis
263 1487 408 1520 modum
426 1487 599 1521 excedere
616 1487 845 1531 videbantm,

132 1531 210 1565 veri
226 1531 364 1576 aliquid
380 1532 498 1566 inesse
521 1543 543 1566 a
565 1543 684 1566 rerum
700 1538 844 1566 natura-

132 1577 221 1610 lium
238 1576 364 1621 peritis
380 1577 489 1611 hodie
508 1577 732 1621 exploratum
750 1581 815 1611 est.

180 1621 247 1655 IX.
287 1621 379 1661 Quo
412 1626 453 1655 te
466 1632 658 1666 mporum
691 1622 845 1656 ordine

132 1667 340 1701 Herodotus
363 1667 525 1712 singulos
548 1667 780 1701 historiarum
802 1667 844 1701 li-

132 1712 216 1746 bros
234 1711 476 1756 composuerit
491 1712 673 1746 enucleari
691 1712 749 1746 vix
765 1716 844 1757 pot-

133 1760 198 1790 est.
225 1757 320 1791 Nam
338 1758 433 1801 quod
450 1757 591 1791 Plinius
609 1757 745 1801 scribit,
764 1769 846 1791 eum

133 1801 282 1835 Thuriis
299 1813 389 1846 opus
405 1814 507 1836 suum
522 1802 843 1843 condidissefflist.

134 1850 208 1880 nat.
218 1847 422 1893 XIJ,4,1S>,
440 1847 573 1881 rectius
586 1848 714 1881 statuit
726 1847 844 1881 Baeh-

132 1892 225 1934 rius,
249 1892 475 1926 Herodotum
497 1904 563 1937 per
584 1903 726 1926 omnem
748 1893 844 1927 vitae

135 1949 278 1971 cursum
289 1937 328 1970 in
336 1948 444 1982 opere
454 1938 713 1972 conscribendo
722 1941 757 1972 et
764 1950 844 1983 per—

134 1982 290 2016 ficiendo
308 1986 522 2027 occupatum
540 1993 629 2027 opus
644 1983 779 2017 dudum
792 1983 844 2017 in-

133 2030 279 2072 ceptum
297 2032 332 2061 et
344 2027 552 2062 inchoatum
565 2029 714 2063 Thuriis
728 2029 845 2063 denuo

133 2075 347 2106 retractasse
357 2076 465 2117 atque
473 2073 511 2107 in
520 2084 599 2107 eam
608 2084 717 2117 quam
727 2074 846 2108 adhuc

132 2118 501 2163 habemusredegisse
509 2118 671 2153 formam.
688 2119 844 2153 Consen-

133 2168 279 2197 taneum
295 2163 409 2208 igitur
426 2168 490 2207 est,
510 2175 591 2198 eum
610 2168 725 2198 certas
739 2175 844 2209 quas-

134 2208 218 2241 dam
230 2208 461 2242 historiarum
473 2213 607 2254 partes,
622 2219 713 2253 quas
722 2210 844 2255 Olym-

133 2254 216 2298 piae
232 2254 459 2297 Athenisque
476 2254 653 2297 recitavit,
676 2255 713 2288 in
732 2254 844 2289 Grae-

134 2299 191 2332 cia
199 2299 406 2343 (Athenis‘?)
416 2300 624 2334 absolvisse.
633 2301 689 2334 Ac
699 2300 843 2334 Schoel-

134 2343 204 2377 lius
222 2344 368 2388 quidem
383 2344 528 2390 (Philol.
544 2345 611 2379 IX.
627 2345 680 2379 29.
697 2346 754 2390 69)
771 2345 843 2390 pri-

132 2400 231 2422 mum
255 2388 353 2423 Sami
382 2390 586 2434 conscripta
615 2401 692 2424 esse
722 2394 845 2425 censet

134 2434 229 2468 bella
236 2433 397 2478 Persica,
416 2445 509 2478 quae
523 2446 618 2469 nunc
630 2436 732 2470 libris
744 2436 845 2471 VI—

131 2479 189 2512 IX
206 2479 444 2524 continentur,
461 2492 533 2515 una
550 2492 631 2515 cum
647 2481 842 2526 prooemio,

132 2524 289 2569 reliquas
306 2536 389 2559 vero
407 2529 541 2570 partes,
559 2526 596 2559 in
613 2527 745 2569 quibus
763 2538 843 2560 eam

132 2569 231 2603 cerni
259 2570 335 2603 vult
362 2571 452 2613 vim,
486 2582 594 2615 quam
621 2572 842 2616 Panyasidis

133 2616 354 2650 consuetudo
375 2615 413 2649 in
430 2616 609 2651 Herodoti
631 2617 840 2652 adulescen-

131 2659 179 2691 tis
197 2659 355 2693 animum
373 2662 573 2695 exercuerit
596 2662 654 2703 (cf.
673 2674 782 2707 supra
804 2675 839 2708 p.

134 2706 196 2746 vi),
215 2708 343 2747 postea
356 2706 501 2739 demum
519 2707 734 2751 compositas
750 2718 838 2742 esse.

134 2747 236 2789 Quae
259 2750 378 2784 omnia
407 2762 516 2795 quam
543 2752 682 2787 lubrica
705 2753 776 2787 sint
805 2756 840 2787 et

715 244 768 270 DE
794 244 999 270 HERODOTI

869 317 1008 351 ineerta
1036 327 1140 352 nemo
1168 329 1239 352 non
1267 319 1459 365 intellegit.
1507 319 1581 353 Re-

869 361 1039 395 tractavit
1061 363 1266 406 nuperrime
1289 365 1383 398 hanc
1406 363 1579 398 difficilli-

871 417 965 439 mam
973 407 1130 440 omnium
1139 408 1386 452 quaestionem
1394 409 1439 442 A.
1449 409 1580 443 Kirch—

870 450 1003 484 hoffius
1020 452 1151 493 (Ueber
1168 453 1505 497 clieAbfc‘csszmyszeit
1522 456 1581 488 des

873 496 1137 530 Herodotischen
1147 498 1578 539 Geschz‘elzts=20e2-A·es,Be1·l.

870 539 1060 574 Diimmler
1083 541 1201 585 1868),
1230 542 1292 586 qui
1313 544 1504 587 permultis
1525 544 1580 577 hi-

871 585 1063 619 storiarum
1080 586 1169 620 loeis
1183 591 1351 621 accurate
1366 589 1581 622 examinatis

870 633 978 674 atque
1001 631 1096 664 inter
1124 642 1162 664 se
1186 631 1326 665 collatis
1355 633 1391 671 (I
1414 633 1490 667 184.
1515 634 1582 668 130

870 674 926 708 III
944 676 1020 710 115.
1037 676 1193 710 118.119
1209 676 1229 710 Ι
1244 677 1311 710 198
1327 677 1364 710 II
1382 678 1401 710 7
1418 678 1453 711 V
1466 678 1508 711 77
1526 678 1582 712 VI

870 720 913 754 98
929 720 1004 755 VII
1017 720 1081 754 162
1095 720 1153 754 IX
1167 721 1220 755 73.
1237 722 1280 756 15
1292 722 1346 757 VI
1359 723 1402 756 91
1415 722 1489 757 VH
1503 722 1580 757 137.

870 765 948 808 162)
981 765 1076 799 hanc
1107 765 1183 800 fere
1215 767 1403 812 proposuit
1438 770 1580 801 senten-

870 810 969 853 tiam,
994 810 1081 844 satis
1098 810 1210 845 firmis
1228 812 1451 857 argumentis
1469 812 1580 846 stabi-

869 855 987 889 litam:
1013 857 1167 890 Herodoc
1182 858 1239 891 hat
1255 859 1324 891 sich
1339 858 1491 892 zwez‘mal
1503 859 1581 891 ίᾶη-

867 913 946 944 yere
968 902 1043 935 Zeit
1066 903 1100 934 in
1124 903 1231 935 Athen
1254 902 1486 946 aufyehallen,
1518 904 1581 936 clas

869 952 954 979 erste
969 947 1050 980 Mal
1065 948 1099 980 z'n
1118 948 1180 980 den
1193 948 1325 981 ‚fabren
1338 959 1403 981 von
1416 954 1501 981 elwa
1513 947 1582 982 445

872 992 919 1024 bis
935 992 1136 1035 weniystens
1153 992 1297 1036 Anfany
1313 992 1397 1036 443,
1420 994 1582 1026 vielleicht

869 1037 954 1069 noch
982 1043 1086 1069 etwas
1114 1038 1244 1081 Zdnyer,
1275 1039 1337 1070 das
1364 1039 1475 1071 zwez'te
1503 1038 1583 1071 Mal

869 1092 944 1113 vom
962 1082 1089 1114 Herbst
1104 1082 1171 1116 431
1197 1083 1245 1115 bis
1269 1083 1468 1126 weniystens
1485 1083 1583 1116 Ende

869 1125 946 1160 428.
994 1127 1073 1160 Das
1095 1128 1324 1170 Decemzz'um,
1354 1128 1492 1161 welches
1521 1128 1582 1160 da-

857 1171 1032 1206 ..zwischen
1056 1172 1150 1215 lz'egyt,
1174 1173 1231 1205 hat
1253 1184 1290 1206 er
1312 1174 1384 1206 teils
1401 1173 1435 1206 in
1453 1173 1582 1215 Thurii,

870 1217 943 1249 tells
976 1216 1046 1258 auf
1066 1217 1190 1250 Reisen
1216 1218 1323 1251 durch
1355 1218 1583 1251 Umerz‘talz'en

869 1262 940 1294 uncl
946 1263 974 1295 S
975 1262 1085 1295 icilien
1097 1263 1307 1306 :ayebracht
1339 1263 1384 1296 W
1384 1263 1513 1296 c'z‘hrend
1525 1263 1583 1296 des

870 1312 981 1340 ersten
1008 1308 1218 1341 athem'schen
1242 1307 1477 1351 Aufenthaltes
1504 1308 1582 1341 sind

870 1353 922 1385 die
944 1358 1054 1385 ersten
1070 1354 1205 1386 Bacher
1226 1355 1284 1386 des
1304 1353 1581 1387 Geschz'chtswer-

870 1399 928 1430 Ises
946 1397 994 1430 bis
1010 1397 1042 1440 3,
1062 1398 1127 1432 119
1145 1399 1402 1432 ez'nschlz'esslz'ch
1418 1409 1581 1442 ααεῃεαν-

858 1442 965 1475 heitet
987 1444 1134 1477 worden.
1183 1444 1226 1477 In
1245 1444 1365 1477 Thurii
1386 1443 1469 1476 blieb
1491 1444 1582 1476 wc'ih-

870 1489 956 1520 rend
977 1489 1038 1521 der
1059 1488 1241 1531 folqenden
1263 1489 1373 1522 Jahre
1395 1499 1457 1521 aus
1480 1488 1582 1521 unbe-

857 1534 1021 1566 'kannten
1052 1533 1217 1567 Grandem
1245 1535 1297 1567 (lie
1324 1534 1441 1568 Arbeit
1473 1534 1582 1576 Zieyen

870 1579 940 1610 und
961 1579 1076 1611 warde
1098 1584 1167 1611 εει-ετ
1186 1590 1290 1621 yeyen
1314 1580 1376 1611 slas
1398 1579 1496 1611 Ende
1525 1578 1583 1611 des

870 1623 1023 1666 dortiyen
1048 1622 1285 1665 Aufenthaltes
1313 1624 1435 1657 wieder
1463 1622 1581 1666 aufye-

856 1672 1046 1745 ,meyem-
1073 1679 1108 1701 es
1129 1669 1271 1746 sghelz'nt,
1296 1669 1376 1720 dass
1399 1669 1461 1746 (II-{cs
1478 1668 1583 1745 {inde

874 1724 926 1746 ,es
949 1719 1072 1746 ermen
1093 1725 1139 1746 un
1186 1724 1249 1746 (as
1277 1719 1380 1747 veerte
1437 1725 1476 1746 uc
1525 1725 1582 1746 um

870 1759 958 1791 dz'ese
988 1759 1063 1791 Zeit
1090 1758 1306 1802 he'nzuyefu'yt
1333 1759 1471 1792 worden
1493 1759 1580 1792 sind.

870 1803 972 1836 Nach
995 1804 1104 1837 Athen
1125 1804 1390 1846 zarilckyelcehrt
1416 1809 1517 1836 setzte
1544 1815 1582 1837 er

869 1849 983 1881 mitten
999 1855 1099 1882 unser
1116 1850 1179 1882 den
1200 1849 1335 1882 IVz'rren
1352 1849 1409 1881 des
1425 1848 1494 1881 sich
1510 1854 1581 1881 ent-

869 1895 1074 1927 wickelnclen
1085 1905 1230 1937 yrossen
1237 1892 1406 1938 Kampfes
1417 1893 1581 1927 zwischen

871 1939 980 1972 Athen
1008 1940 1079 1972 und
1100 1940 1231 1982 Sparta
1254 1940 1305 1972 die
1326 1939 1581 1983 Ausarbez'tany

869 1984 927 2017 mit
943 1986 1151 2017 verstarkter
1165 1985 1408 2028 Anstrewqunq
1423 1984 1494 2027 fort
1511 1985 1582 2017 und

869 2028 1021 2071 forderle
1044 2030 1186 2062 dz'eselhe
1208 2030 1244 2062 in
1266 2031 1339 2062 dem
1362 2030 1457 2063 einen
1473 2030 1582 2063 Jahre

868 2074 1117 2161 {3'0'32323353'2
1135 2074 1360 2163 difilff’ssfassss
1381 2075 1582 2153 ..aaziae

870 2171 923 2198 ten
938 2164 1081 2198 Buches.
1114 2166 1183 2198 Die
1200 2165 1268 2198 sich
1284 2165 1503 2198 mitilerwez'le
1519 2166 1579 2198 im-

856 2206 940 2243 'mer
964 2211 1149 2243 drohender
1170 2211 1241 2243 und
1263 2211 1377 2243 truber
1396 2211 1579 2254 qeslallen-

869 2256 933 2288 den
961 2255 1189 2288 Verhc'ilmz'sse
1219 2255 1374 2289 scheinen
1402 2256 1494 2288 darm
1518 2254 1588 2297 auf

869 2301 954 2333 Lusi
970 2302 1041 2333 und
1053 2302 1081 2334 S
1083 2302 1218 2334 tc'mmun
1221 2312 1244 2344 9
1256 2301 1352 2334 einen
1367 2301 1582 2333 hemmenden

855 2345 1024 2397 1ιΕιἺνιῙΖιιεε
1041 2347 1201 2388 ausqea‘bt
1212 2358 1254 2379 za
1267 2346 1393 2387 haben,·
1409 2346 1453 2378 im
1467 2345 1582 2388 Lause

855 2391 924 2424 *des
937 2391 1062 2424 Jalzres
1074 2391 1141 2424 429
1158 2392 1229 2423 und
1242 2391 1289 2424 bis
1302 2392 1337 2423 in
1350 2391 1413 2424 den
1426 2392 1581 2424 Sommer

868 2437 925 2469 (les
940 2435 1121 2479 folyenden
1141 2437 1256 2479 yede‘eh
1278 2436 1330 2469 die
1347 2436 1466 2469 Arbez't
1482 2437 1581 2479 lawy-

867 2492 980 2516 Samer
999 2481 1046 2514 bis
1063 2482 1098 2515 z‘n
1115 2483 1177 2515 (len
1196 2481 1340 2524 Anfany
1357 2482 1414 2514 des
1436 2487 1581 2514 nezmten

866 2527 1009 2560 Buches.
1058 2527 1133 2560 Der
1155 2527 1236 2560 Rest
1266 2527 1436 2560 desselben
1464 2526 1579 2559 warde

866 2573 953 2605 wohl
975 2573 1061 2605 noch
1082 2584 1143 2605 vor
1165 2572 1263 2606 Ende
1286 2573 1343 2605 (les
1364 2572 1490 2605 Jahres
1511 2569 1580 2604 429

865 2617 977 2661 fet-12⁴9,
994 2619 1086 2651 (ἶαηη
1100 2618 1181 2651 aber
1195 2618 1247 2650 die
1260 2617 1376 2651 Arbez't
1388 2615 1448 2658 fiir
1460 2616 1579 2648 immet·

866 2663 1116 2706 alvea-ochaz,-
1144 2664 1195 2696 dz'e
1215 2661 1473 2705 ursprilnglliche
1495 2661 1579 2694 Dis-

859 2709 1011 2751 posz’tz'rm
1037 2710 1118 2741 Iram
1147 2709 1235 2741 nicht
1263 2719 1324 2740 zur
1352 2705 1577 2748 Ausfz'lhruny

864 2754 934 2786 und
965 2754 1027 2787 clas
1053 2765 1161 2796 yanee
1185 2752 1377 2796 yrossartig]
1406 2752 1578 2795 anqeleyte
