1794 3282
520 234 834 270 HPOAOTOT
865 234 905 268 Δ.
932 234 1078 269 33-35.
1392 224 1474 266 257

109 301 166 348 τὰ
192 303 264 362 ἱρὰ
289 303 368 347 δύο
393 303 569 361 κούρας,
603 303 681 355 τὰς
707 301 994 357 οὗνομάζουσι
1021 304 1174 359 Δήλιοι
1200 301 1311 346 εἶναι
1331 300 1476 356 Ὑπερ-

113 371 213 428 όχην
238 387 284 414 τε
308 373 380 413 καὶ
406 372 643 427 Λαοδίκην·
677 368 768 424 ἅμα
799 372 845 414 δὲ
871 368 1026 428 αύτῇσι
1052 368 1292 428 ἀσφαλείης
1324 369 1477 413 εἵνεκεν

112 441 293 494 πέμψαι
315 437 416 489 τοὺς
429 436 732 495 Ἱῖτερβορέους
751 442 835 480 τιῦν
861 435 1004 481 ἀστιῦν
1030 436 1189 494 ἄνδρας
1214 437 1341 481 πέντε
1361 453 1478 492 πομ-

112 505 236 557 πούς,
264 506 446 557 τούτους
466 508 508 549 οἳ
526 510 598 548 νῦν
618 509 859 562 Περφερέες
878 507 1113 558 καλέονται,
1140 504 1269 560 τιμὰς
1289 505 1478 561 μεγάλας

115 571 156 615 ἐν
182 573 309 629 Δήλῳ
338 573 516 627 ἔχοντες.
562 572 659 617 ἐπεὶ
686 574 730 616 δὲ
756 581 872 616 τοῖσι
893 571 1213 630 Ὑπερβορέοισι
1237 572 1338 624 τοὺς
1365 571 1479 616 ἀπο-

113 643 402 696 πεμφθέντας
434 638 579 684 ὀπίσω
614 638 688 683 οἰκ
715 639 1007 693 ἀπονοστέειν,
1043 641 1162 684 δεινὰ
1193 644 1478 695 ποιευμένους

114 707 158 750 εἴ
186 723 324 764 σφεας
356 707 442 751 αιέὶ
472 709 807 763 καταλάμψεται
839 706 1186 760 ἀποστέλλοντας
1221 708 1278 765 μὴ
1317 706 1479 750 ἀποδέ-

113 778 286 826 κεσθαι,
316 772 427 818 οὕτω
457 774 506 831 δὴ
534 779 745 832 φέροντας
771 775 813 826 ἒς
838 775 938 827 τοὺς
965 774 1119 833 οὔρους
1144 775 1197 818 τὰ
1225 774 1295 829 ἱρὰ
1316 774 1478 817 ἐνδεδε-

113 845 221 895 μένα
257 841 299 884 ἐν
329 846 479 897 πυριῦν
510 843 677 900 καλάμῃ
709 841 1477 900 τοῖσιπλησιοχιόροισιἐπισκήπτειν

114 909 364 961 κελεύοντας
389 914 669 965 προπέμπειν
696 914 810 967 σφέα
836 908 909 953 ἀπ’
934 910 1104 952 ἒωυτιῦν
1131 911 1173 960 ἔς
1199 907 1302 951 ἄλλο
1336 908 1476 958 ἔθνος.

114 978 186 1018 καὶ
210 981 347 1019 ταῦτα
372 978 448 1031 μὲν
476 974 588 1019 οὕτω
616 977 968 1033 προπεμπόμενα
996 975 1287 1020 ἀπικνέεσθαι
1306 977 1478 1030 λέγουσι

115 1042 158 1094 ἒς
182 1045 341 1099 Δῆλον·
370 1041 469 1086 οἶδα
496 1044 542 1086 δὲ
569 1042 700 1094 αὐτὸς
725 1045 921 1086 τούτοισι
946 1052 1062 1086 τοῖσι
1090 1043 1223 1098 ἱροῖσι
1248 1042 1351 1085 τόδε
1377 1058 1478 1085 ποι-

114 1111 290 1164 εύμενον
332 1114 599 1167 προσφερές,
644 1109 723 1162 τὰς
768 1115 968 1166 Θρηικίας
1009 1112 1081 1152 καὶ
1122 1109 1200 1159 τὰς
1242 1109 1479 1159 Παιονίδας

112 1185 327 1233 γυναῖκας,
358 1175 489 1220 ἐπεὰν
509 1177 657 1220 θύωσι
677 1182 727 1234 τῇ
739 1176 953 1233 Ἀρτέμιδι
972 1181 1023 1234 τῇ
1043 1179 1255 1233 βασιλείῃ,
1285 1174 1360 1219 ούκ
1381 1174 1477 1219 ἄνευ

115 1249 265 1302 πυρῶν
286 1245 478 1300 καλάμης
499 1243 548 1301 ἕρ
560 1245 749 1296 δούσας
769 1244 822 1287 τὰ
844 1245 928 1302 ἱρά.
967 1247 1036 1287 καὶ
1057 1245 1288 1298 ταῦταμὲν
1309 1242 1358 1299 δὴ
1382 1241 1480 1286 οἶδα

114 1313 276 1363 ταύτας
308 1312 539 1363 ποιεύσας,
578 1317 678 1369 τῇσι
710 1313 755 1354 δὲ
786 1312 1053 1368 παρθένοισι
1084 1313 1264 1368 ταύτῃσι
1300 1315 1400 1368 τῇσι
1438 1310 1484 1363 ἕξ

110 1377 400 1436 Ὑπερβορέων
442 1380 781 1436 τελευτησάσῃσι
825 1379 866 1422 ἐν
903 1381 1029 1436 Δήλῳ
1073 1383 1287 1434 κείρονται
1326 1380 1398 1421 καὶ
1436 1378 1482 1421 αἱ

116 1451 269 1503 κοῦραι
293 1448 364 1489 καὶ
391 1446 431 1489 οἱ
457 1447 613 1497 παῖδες
640 1447 681 1489 οἱ
706 1449 894 1504 Δηλίων·
922 1447 968 1489 αἱ
991 1448 1067 1501 μὲν
1093 1445 1179 1503 πρὸ
1205 1446 1344 1502 γάμου
1371 1445 1480 1488 πλό-

115 1531 251 1568 καμον
283 1512 640 1568 ἀποταμνόμεναι
671 1517 741 1557 καὶ
771 1516 873 1569 περὶ
912 1512 1122 1569 ἄτρακτον
1154 1514 1367 1565 εἱλίξασαι
1407 1512 1479 1556 ἐπὶ

116 1581 166 1624 τὸ
194 1585 311 1637 σῆμα
336 1585 505 1624 τιθεῖσι
537 1581 602 1635 (τὸ
631 1583 676 1624 δὲ·
703 1582 818 1664 σῆμά
846 1581 937 1625 ἐστι
963 1582 1047 1625 ἔσω
1076 1581 1117 1632 ἒς
1148 1580 1196 1624 τὸ
1218 1579 1480 1638 Ἀρτεμίσιον

118 1649 281 1692 ἐσιόντι
306 1647 533 1706 ἀριστερῆς
555 1650 717 1706 χειρός,
752 1649 996 1705 επιπέφυκε
1025 1649 1071 1691 δέ
1097 1665 1138 1690 οι
1170 1647 1326 1704 ἐλαίη),
1363 1648 1404 1690 οἱ
1437 1648 1481 1690 δὲ

117 1717 274 1767 παῖδες
292 1721 378 1759 τῶν
398 1719 567 1773 Δηλιων
587 1719 688 1799 περὶ
705 1717 833 1773 χλόην
856 1716 950 1760 τινὰ
971 1716 1200 1768 εἱλίξαντες
1221 1720 1307 1758 τῶν
1325 1719 1481 1773 τριχῶν

117 1788 377 1863 προτιθεῖσι
402 1787 473 1827 καὶ
500 1779 620 1827 οὗτοι
647 1784 721 1827 ἐπὶ
744 1783 793 1827 τὸ
822 1789 950 1840 σῆιια.
991 1800 1120 1826 αυται
1145 1784 1220 1836 μὲν
1246 1783 1297 1839 δὴ
1322 1783 1479 1839 ταύτην

117 1851 193 1907 τὴν
218 1869 343 1908 τιμνν
371 1852 515 1905 έχουσι
540 1851 652 1907 πρὸς
675 1856 761 1895 τῶν
782 1852 923 1908 Δηλου
952 1851 1204 1907 οἰκητόρων·
1232 1853 1343 1908 φασὶ
1369 1851 1414 1894 δὲ
1441 1851 1483 1893 οἱ

119 1916 244 1961 αὐτοὶ
270 1921 341 1961 καὶ
366 1919 439 1975 τὴν
460 1917 604 1975 Ἄργην
628 1936 674 1962 τε
699 1921 769 1962 καὶ
799 1918 874 1974 τὴν
893 1913 1012 1962 ἶῼπιν
1045 1917 1200 1968 ἐούσας
1230 1917 1482 1973 παρθένους

119 1985 165 2037 ἐξ
189 1985 476 2041 Ὑπερβορέων
513 1986 621 2028 κατὰ
656 1985 758 2038 τοὺς
796 1984 953 2037 αὐτοὺς
991 1984 1258 2040 ἀνθρώπους
1295 2001 1479 2041 πορευο-

116 2058 247 2107 μένας
273 2052 519 2096 ἀπικέσθαι
546 2052 588 2104 ἐς
612 2057 751 2109 Δῆλον
777 2054 840 2097 ἔτι
865 2054 1079 2110 πρότερον
1095 2051 1322 2109 Ὑπερόχης
1340 2069 1386 2096 τε
1411 2055 1483 2095 καὶ

117 2122 349 2177 Λαοδίκης.
411 2122 571 2172 ταύτας
603 2125 677 2164 ιιέν
714 2139 784 2165 νυν
815 2126 866 2178 τῆ
897 2121 1130 2177 Εἰλειθυίῃ
1170 2118 1482 2177 ἀποφερούσας

119 2187 213 2232 ἀντὶ
242 2193 319 2231 τοῦ
353 2187 570 2232 ὠκυτόκου
603 2188 676 2231 τὸν
703 2189 907 2242 ἐτάξαντο
939 2189 1077 2246 φόρον
1110 2187 1374 2239 ἀπικέσθαι,
1408 2187 1482 2243 τὴν

120 2257 166 2298 δὲ
198 2253 341 2311 Αργην
376 2272 422 2298 τε
458 2258 527 2298 καὶ
564 2255 638 2312 τὴν
668 2251 787 2300 ἶΩπιν
829 2254 920 2310 α’μα
958 2254 1129 2299 αὐτοῖσι
1174 2263 1290 2298 τοῖσι
1332 2259 1483 2296 θεοῖσι

120 2321 366 2366 ἀπικέσθαι
396 2325 568 2378 λέγουσι
591 2328 663 2365 καί
694 2340 775 2379 σφι
805 2323 934 2377 τιιιάς
959 2321 1091 2373 ἄλλας
1123 2322 1339 2365 δεδόσθαι
1369 2319 1481 2376 πρὸς

120 2394 285 2446 σφέων·
311 2392 382 2432 καὶ
407 2388 486 2445 γὰρ
514 2387 698 2445 ἀγείρειν
725 2407 805 2446 σφι
824 2389 902 2440 τὰς
920 2398 1133 2445 γυναῖκας,
1163 2388 1483 2442 ἒπουνομαζού-

121 2474 201 2508 σας
226 2456 279 2499 τὰ
306 2454 526 2510 οὐνόματα
552 2456 593 2499 ἐν
618 2461 678 2513 τῴ
706 2454 822 2512 ὕμνῳ
850 2457 922 2500 τόν
949 2472 1030 2512 σφι
1051 2455 1165 2511 Ὠλὴν
1192 2453 1294 2511 ἀνὴρ
1320 2455 1482 2506 Λύκιος

122 2525 314 2581 ἐποίησε,
343 2524 463 2581 παρὰ
486 2525 531 2567 δὲ
553 2524 697 2581 σφέων
710 2524 938 2578 μαθόντας
956 2524 1170 2580 νησιώτας
1190 2538 1236 2566 τε
1255 2524 1326 2565 καὶ
1337 2520 1483 2573 Ἴωνας

67 2645 69 2647 ¹
122 2590 290 2643 ὑμνέειν
309 2585 427 2635 ἷῼπίν
454 2608 498 2634 τε
524 2593 594 2633 καὶ
618 2589 760 2647 Ἄργην
787 2589 1102 2645 οὗνομάζοντάς
1126 2606 1172 2632 τε
1195 2591 1267 2632 καὶ
1293 2588 1483 2645 ἀγείρον-

121 2677 198 2711 τας
236 2653 380 2713 (οὗτος
419 2659 463 2701 δὲ
502 2657 524 2701 ὁ
552 2657 666 2715 Ὠλὴν
696 2661 767 2701 καὶ
804 2657 903 2708 τοὶ-ς
940 2656 1096 2709 ἄλλους
1132 2657 1233 2708 τοὺς
1269 2657 1484 2708 παλαιοὺς

123 2725 281 2781 ὕμνους
318 2726 497 2782 ἐποίησε
535 2725 579 2769 ἐκ
615 2730 775 2782 Λυκίης
813 2725 955 2769 ἐλθὼν
990 2725 1092 2776 τοὺς
1129 2723 1405 2778 ἀειδομένους
1442 2724 1484 2768 ἓν

193 2794 322 2822 Herodoti
339 2794 387 2821 vol.
404 2793 427 2820 1.
1191 2791 1232 2826 17

1505 1258 1537 1281 34

1505 1794 1537 1821 35
