1794 3282
218 599 267 624 147

223 1679 274 1705 148

293 242 374 284 160
669 246 982 282 ΗΡΟΔΟΤΟΥ
1013 246 1053 280 Β.
1082 247 1269 281 146—148.

293 319 437 372 έχουσι
463 317 600 360 εἰπεῖν
627 313 702 371 ὅκῃ
730 314 942 371 ἐτράπετο
968 315 1205 370 γενόμενος.
1268 316 1374 371 δῆλα
1400 309 1457 358 ῶν
1482 331 1558 369 μοι
1582 316 1652 370 ys}-

291 401 386 440 γονε
413 381 480 426 ὅτι
506 380 682 437 ὕστερον
709 381 928 425 ἐπύθοντο
956 381 998 424 οἱ
1019 379 1213 437 Ἕλληνες
1246 383 1408 425 τούτων
1439 381 1494 425 τὰ
1526 380 1650 425 οὐνό-

290 467 407 504 ματα
432 448 457 506 ἢ
481 448 535 493 τὰ
559 453 643 492 τῶν
670 447 808 491 ἄλλων
834 452 975 492 θεῶν·
1003 447 1076 492 ἀπ’
1096 443 1142 491 οὗ
1171 450 1216 492 δὲ
1237 448 1456 493 ἐπύθοντο
1480 450 1648 506 χρόνου,

295 516 384 561 ἀπὸ
410 517 563 560 τούτου
589 518 913 573 γενεηλογέουσι
939 515 1080 559 αὖτῶν
1104 515 1179 572 τὴν
1204 520 1378 572 γένεσιν.

382 589 523 627 Ταῦτα
552 588 629 639 μέν
659 602 729 627 νυν
761 582 886 627 αὐτοὶ
917 583 1155 639 Αἰγύπτιοι
1187 586 1376 639 λέγουσι,
1417 581 1500 627 ὅσα
1533 585 1579 627 δὲ
1610 583 1657 627 οἵ

291 669 337 696 τε
369 650 493 695 ἄλλοι
525 649 760 709 ἄνθρωποι
790 653 861 694 καὶ
885 651 1123 707 Αἰγύπτιοι
1154 653 1327 707 λέγουσι
1353 649 1653 707 ὁμολογέοντες

291 728 408 763 τοῖσι
446 718 618 762 ἄλλοισι
653 717 762 762 κατὰ
797 719 954 775 ταύτην
989 718 1062 775 τὴν
1096 719 1237 775 χώρην
1273 722 1497 775 γενέσθαι,
1535 717 1650 762 ταῦτ’

292 786 372 844 ἤδη
399 787 576 844 φράσω·
602 790 842 842 προσέσται
868 787 915 829 δέ
938 804 980 830 τι
1006 785 1178 829 αὗτοῐσι
1203 789 1366 842 καὶτῆς
1386 785 1488 843 ε’μῆς
1508 785 1651 841 ὄψιος.

374 853 769 911 ἶΕλευθερωθέντες
793 854 1030 910 Αἰγύπτιοι
1055 853 1165 908 μετὰ
1189 853 1262 897 τὸν
1290 854 1382 911 ἱρέα
1405 858 1481 896 τοῦ
1503 851 1655 911 Ἡφαί,

296 938 397 965 στου
424 922 742 976 βασιλεύσαντα
768 920 940 975 (οὐδένα
964 921 1044 979 γὰρ
1068 922 1220 978 χρόνον
1247 920 1335 965 οἶοί
1358 938 1403 964 τε
1430 915 1535 977 ἦσαν
1556 919 1652 964 ἄνευ

294 991 497 1044 βασιλέος
523 989 801 1042 διαιτᾶσθαι)
829 988 1061 1045 ἐστήσαντο
1083 989 1277 1031 δυώδεκα
1295 991 1513 1043 βασιλέας,
1542 988 1655 1031 δυώ-

297 1058 398 1100 δεκα
427 1060 584 1112 μοίρας
616 1057 852 1110 δασάμενοι
875 1058 1098 1112 Αἴγυπτον
1129 1061 1288 1100 πᾶσαν.
1351 1051 1471 1099 οὗτοι
1503 1055 1655 1111 ἐπιγα-

295 1129 398 1178 μίας
423 1124 713 1179 ποιησάμενοι
739 1123 986 1178 ἐβασίλευον
1018 1124 1191 1178 νόμοισι
1221 1124 1386 1167 τοιοίδε
1416 1124 1652 1177 χρεόμενοι,

295 1192 402 1248 μήτε
433 1194 673 1248 καταιρέειν
705 1187 915 1246 ἀλλήλους
946 1191 1054 1246 μήτε
1085 1192 1216 1234 πλέον
1247 1209 1288 1234 τι
1315 1192 1522 1247 δίζησθαι
1549 1191 1655 1244 ἔχειν

296 1259 369 1302 τὸν
396 1259 537 1314 ἕτερον
556 1262 632 1301 τοῦ
654 1257 811 1312 ἑτέρου,
840 1256 951 1300 εἷναί
967 1274 1012 1300 τε
1033 1260 1189 1314 φίλους
1208 1257 1261 1300 τὰ
1281 1259 1484 1312 μάλιστα.
1522 1258 1656 1300 τῶνδε

298 1327 343 1369 δὲ
370 1326 522 1368 εἵνεκεν
547 1324 647 1376 τοὶ-ς
672 1326 828 1379 νόμους
852 1325 1030 1376 τούτους
1062 1325 1285 1367 ἐποιεῦντο
1319 1325 1503 1381 ἰσχυρῶς
1533 1341 1659 1381 περι-

298 1395 561 1443 στέλλοντες·
600 1392 823 1448 ἒκέχρηστό
858 1407 938 1448 σφι
970 1389 1062 1434 κατ’
1088 1390 1220 1448 ἀρχὰς
1252 1390 1405 1434 αύτίκα
1437 1392 1659 1446 ἐνισταμέ-

297 1477 411 1504 νοισι
449 1460 491 1510 ἐς
527 1459 603 1510 τὰς
639 1459 892 1515 τυραννίδας
927 1459 1000 1502 τὸν
1039 1461 1193 1516 χαλκέῃ
1238 1460 1373 1516 φιάλῃ
1417 1463 1658 1503 σπείσαντα

299 1527 438 1570 αὖτῶν
471 1527 512 1569 ἒν
543 1531 605 1583 τῷ
639 1527 716 1583 ἱρῷ
748 1531 824 1569 τοῦ
851 1524 1106 1583 Ἡφαίστου,
1146 1531 1297 1570 τοῦτον
1329 1525 1502 1583 ἀπάσης
1531 1531 1659 1581 βασι-

298 1596 463 1638 λεύσειν
487 1594 734 1650 Αἰγύπτου·
768 1594 809 1645 ἒς
834 1594 914 1650 γὰρ
942 1594 991 1651 δὴ
1017 1594 1072 1638 τὰ
1097 1595 1241 1637 πάντα
1267 1593 1338 1651 ἱρὰ
1370 1597 1655 1650 συνελέγοντο.

297 1666 366 1706 καὶ
401 1662 450 1719 δή
484 1677 566 1719 σφι
596 1662 847 1719 μνημόσυνα
879 1662 998 1714 ἔδοξε
1031 1664 1247 1705 λιπέσθαι
1277 1666 1414 1717 κοινῇ,
1450 1663 1578 1715 δόξαν
1612 1663 1659 1704 δέ

298 1748 380 1789 σφι
406 1730 667 1786 ἐποιήσαντο
693 1730 968 1786 λαβύρινθον,
1004 1728 1146 1785 ὀλίγον
1172 1728 1280 1787 ὑπὲρ
1306 1735 1381 1786 τῆς
1411 1731 1559 1787 λίμνης
1583 1734 1657 1787 τῆς

297 1803 479 1856 Μοίριος
504 1797 612 1840 κατὰ
637 1798 917 1854 κροκοδείλων
948 1799 1202 1855 καλεομένην
1233 1798 1362 1842 πόλιν
1392 1798 1582 1853 μάλιστά
1607 1815 1657 1854 κῃ

297 1871 507 1920 κείμενον·
539 1864 611 1908 τὸν
638 1864 719 1920 ἐγώ
748 1863 825 1921 ἤδη
854 1863 967 1908 εἶδον
994 1867 1119 1922 λόγου
1146 1867 1274 1920 μέζω.
1337 1866 1374 1909 εἷ
1403 1867 1483 1922 γάρ
1515 1883 1580 1917 τις
1604 1865 1658 1908 τὰ

299 1934 344 1986 ἐξ
362 1932 566 1989 Ἑλλήνων
591 1933 733 1985 τείχεά
764 1949 809 1975 τε
839 1935 911 1975 καὶ
943 1933 1075 1989 ἔργων
1106 1932 1313 1986 ἀπόδεξιν
1340 1936 1654 1989 συλλογίσαιτο,

299 2001 530 2050 ἐλάσσονος
561 2000 696 2042 πόνου
736 2016 782 2042 τε
820 1998 870 2042 ἂν
900 2002 971 2042 καὶ
1003 2001 1198 2056 δαπάνης
1229 2005 1382 2057 φανείη
1421 2001 1545 2044 ἐόντα
1581 2004 1658 2043 τοῦ

298 2070 564 2123 λαβυρίνθου
590 2068 758 2110 τούτου.
802 2072 943 2110 καίτοι
968 2065 1194 2123 ἀξιόλογός
1217 2085 1263 2124 γε
1288 2071 1357 2110 καὶ
1385 2065 1406 2111 o‘
1434 2067 1475 2110 ἓν
1491 2066 1656 2125 Ἐφέσῳ

299 2135 392 2178 ἐστὶ
416 2133 514 2191 νηὸς
539 2136 609 2176 καὶ
635 2132 657 2177 ὃ
685 2134 726 2176 ἐν
746 2134 893 2190 Σάμῳ.
934 2129 1038 2191 ἦσαν
1062 2139 1138 2189 μέν
1164 2153 1234 2178 νυν
1253 2137 1323 2178 καὶ
1345 2135 1390 2177 αἶ
1416 2137 1657 2192 πυραμίδες

298 2203 427 2258 λόγου
463 2202 652 2256 μέζονες,
697 2204 767 2244 καὶ
805 2203 977 2244 πολλῶν
1015 2201 1168 2258 ἑκάστη
1216 2201 1378 2245 αἰτέων
1410 2201 1657 2259 Ἑλληνικῶν

300 2270 432 2325 ἔργων
457 2271 529 2311 καὶ
552 2269 748 2325 μεγάλων
774 2267 969 2326 ἀνταξίη·
997 2268 1019 2312 ὁ
1047 2271 1093 2312 δὲ
1119 2269 1169 2327 δὴ
1195 2271 1460 2325 λαβύρινθος
1485 2271 1556 2312 καὶ
1579 2269 1658 2321 τὰς

298 2337 547 2392 πυραμίδας
572 2335 848 2393 ὑπερβάλλει.
896 2341 973 2379 τοῦ
998 2337 1078 2393 γὰρ
1106 2338 1300 2381 δυώδεκα
1323 2341 1399 2391 μέν
1425 2337 1511 2380 εἶσι
1531 2335 1659 2380 αὐλαὶ

298 2406 572 2460 κατάστεγοι,
607 2402 835 2447 ἀντίπυλοι
862 2403 1085 2462 ἀλλήλῃσι,
1120 2407 1167 2458 ἓξ
1188 2407 1264 2460 μὲν
1289 2404 1400 2462 πρὸς
1429 2409 1583 2463 βορέην
1615 2407 1662 2458 ἓξ

301 2475 346 2516 δὲ
371 2471 482 2529 πρὸς
506 2472 628 2515 νότον
658 2476 961 2529 τετραμμέναι,
1002 2477 1211 2527 συνεχέες·
1248 2482 1392 2527 τοῖχος
1424 2474 1470 2516 δὲ
1496 2473 1659 2526 ἔξωθεν

300 2539 439 2591 ῶυτός
465 2555 602 2597 σφεας
633 2544 862 2597 περιέργει.
924 2540 1135 2597 οἰκήματα
1166 2539 1206 2584 δ’
1230 2541 1366 2585 ἔνεστι
1392 2541 1572 2592 διπλόα,
1605 2539 1660 2583 τὰ

299 2610 374 2662 μὲν
400 2606 593 2664 ὑπόγαια
617 2606 672 2650 τὰ
692 2609 737 2650 δὲ
755 2611 950 2665 μετέωρα
972 2606 1037 2651 ἐπ’
1055 2608 1267 2661 ἐκείνοισι,
1294 2610 1508 2664 τρισχίλια
1528 2606 1661 2664 ἀριθ·

298 2676 393 2730 μόν,
416 2679 708 2719 πεντακοσίων
728 2677 797 2718 καὶ
812 2677 959 2729 χιλίων
980 2674 1170 2733 ἑκάτερα.
1208 2675 1262 2719 τὰ
1280 2680 1356 2730 μέν
1375 2693 1446 2719 νυν
1463 2677 1660 2731 μετέωρα

302 2747 384 2786 τῶν
417 2743 659 2800 οἰκημάτων
692 2742 818 2786 αὐτοί
853 2760 898 2786 τε
937 2741 1124 2799 ῶρέομεν
1162 2744 1391 2796 διεξιόντες
1427 2743 1498 2785 καὶ
1535 2740 1659 2785 αὐτοὶ
