<?xml version="1.0" encoding="UTF-8"?>
<!DOCTYPE html PUBLIC "-//W3C//DTD XHTML 1.0 Transitional//EN"
    "http://www.w3.org/TR/xhtml1/DTD/xhtml1-transitional.dtd">
<html xmlns="http://www.w3.org/1999/xhtml" xml:lang="en" lang="en">
 <head>
  <title>
</title>
<meta http-equiv="Content-Type" content="text/html;charset=utf-8" />
  <meta name='ocr-system' content='tesseract 3.04.00' />
  <meta name='ocr-capabilities' content='ocr_page ocr_carea ocr_par ocr_line ocrx_word'/>
</head>
<body>
  <div class='ocr_page' id='page_1' title='image "./herodotihistori01herouoft_0029.png"; bbox 0 0 1794 3282; ppageno 0'>
   <div class='ocr_carea' id='block_1_1' title="bbox 529 287 1224 316">
    <p class='ocr_par' dir='ltr' id='par_1_1' title="bbox 529 287 1224 316">
     <span class='ocr_line' id='line_1_1' title="bbox 529 287 1224 316; baseline -0.003 0"><span class='ocrx_word' id='word_1_1' title='bbox 529 291 625 316; x_wconf 69' lang='lat' dir='ltr'><strong>VITA</strong></span> <span class='ocrx_word' id='word_1_2' title='bbox 649 291 700 315; x_wconf 80' lang='lat' dir='ltr'>ET</span> <span class='ocrx_word' id='word_1_3' title='bbox 725 287 898 316; x_wconf 80' lang='lat' dir='ltr'>SCRIPTIS</span> <span class='ocrx_word' id='word_1_4' title='bbox 924 287 1224 315; x_wconf 70' lang='lat' dir='ltr'>COMMENTATIO-</span> 
     </span>
    </p>
   </div>
   <div class='ocr_carea' id='block_1_2' title="bbox 148 360 1605 1039">
    <p class='ocr_par' dir='ltr' id='par_1_2' title="bbox 149 360 1604 591">
     <span class='ocr_line' id='line_1_2' title="bbox 154 360 1604 409; baseline -0.001 -9"><span class='ocrx_word' id='word_1_5' title='bbox 154 366 260 400; x_wconf 82' lang='lat' dir='ltr'>Werk</span> <span class='ocrx_word' id='word_1_6' title='bbox 286 365 369 399; x_wconf 72' lang='lat' dir='ltr'>blieb</span> <span class='ocrx_word' id='word_1_7' title='bbox 393 365 447 398; x_wconf 72' lang='lat' dir='ltr'>ein</span> <span class='ocrx_word' id='word_1_8' title='bbox 472 366 592 398; x_wconf 81' lang='lat' dir='ltr'>Torso.</span> <span class='ocrx_word' id='word_1_9' title='bbox 643 362 1209 409; x_wconf 60' lang='lat' dir='ltr'>Quanquamtfflo&#39;vwv&#39;ye&#39;ypacss</span> <span class='ocrx_word' id='word_1_10' title='bbox 1233 361 1354 398; x_wconf 71' lang='grc' dir='ltr'><em>κοινὰς</em></span> <span class='ocrx_word' id='word_1_11' title='bbox 1386 360 1511 405; x_wconf 67' lang='grc' dir='ltr'><em>σχεδὸν</em></span> <span class='ocrx_word' id='word_1_12' title='bbox 1541 362 1604 398; x_wconf 73' lang='grc' dir='ltr'>τὰς</span> 
     </span>
     <span class='ocr_line' id='line_1_3' title="bbox 152 401 1603 453; baseline -0.002 -8"><span class='ocrx_word' id='word_1_13' title='bbox 152 413 241 445; x_wconf 86' lang='lat' dir='ltr'>haec</span> <span class='ocrx_word' id='word_1_14' title='bbox 262 413 340 444; x_wconf 84' lang='lat' dir='ltr'>tota</span> <span class='ocrx_word' id='word_1_15' title='bbox 362 410 528 453; x_wconf 82' lang='lat' dir='ltr'>quaestio</span> <span class='ocrx_word' id='word_1_16' title='bbox 552 409 745 443; x_wconf 83' lang='lat' dir='ltr'>admodum</span> <span class='ocrx_word' id='word_1_17' title='bbox 769 401 948 450; x_wconf 57' lang='lat' dir='ltr'>diffi-lzis</span> <span class='ocrx_word' id='word_1_18' title='bbox 972 409 1184 451; x_wconf 66' lang='grc' dir='ltr'><em>οἰκουμένης</em></span> <span class='ocrx_word' id='word_1_19' title='bbox 1208 408 1353 451; x_wconf 75' lang='grc' dir='ltr'><em>πράξεις</em></span> <span class='ocrx_word' id='word_1_20' title='bbox 1384 411 1424 440; x_wconf 78' lang='grc' dir='ltr'>ἐν</span> <span class='ocrx_word' id='word_1_21' title='bbox 1450 407 1603 451; x_wconf 74' lang='grc' dir='ltr'>βιβλίοις</span> 
     </span>
     <span class='ocr_line' id='line_1_4' title="bbox 149 451 1603 505; baseline -0.003 -16"><span class='ocrx_word' id='word_1_22' title='bbox 149 455 230 490; x_wconf 86' lang='lat' dir='ltr'>cilis</span> <span class='ocrx_word' id='word_1_23' title='bbox 253 466 296 490; x_wconf 81' lang='lat' dir='ltr'>ae</span> <span class='ocrx_word' id='word_1_24' title='bbox 318 455 459 489; x_wconf 80' lang='lat' dir='ltr'>lubrica</span> <span class='ocrx_word' id='word_1_25' title='bbox 480 455 640 489; x_wconf 86' lang='lat' dir='ltr'>nondum</span> <span class='ocrx_word' id='word_1_26' title='bbox 667 454 720 488; x_wconf 81' lang='lat' dir='ltr'>ita</span> <span class='ocrx_word' id='word_1_27' title='bbox 742 453 1010 505; x_wconf 41' lang='lat' dir='ltr'>profli-ie’vve&#39;ffi</span> <span class='ocrx_word' id='word_1_28' title='bbox 1035 457 1275 498; x_wconf 73' lang='grc' dir='ltr'><em>καταστρέφει</em></span> <span class='ocrx_word' id='word_1_29' title='bbox 1293 451 1331 486; x_wconf 86' lang='grc' dir='ltr'>δὲ</span> <span class='ocrx_word' id='word_1_30' title='bbox 1350 452 1416 495; x_wconf 76' lang='grc' dir='ltr'>τὴν</span> <span class='ocrx_word' id='word_1_31' title='bbox 1435 453 1603 492; x_wconf 75' lang='grc' dir='ltr'>σύνταξιν</span> 
     </span>
     <span class='ocr_line' id='line_1_5' title="bbox 149 497 1604 546; baseline -0.002 -12"><span class='ocrx_word' id='word_1_32' title='bbox 149 505 238 546; x_wconf 83' lang='lat' dir='ltr'>gata</span> <span class='ocrx_word' id='word_1_33' title='bbox 255 503 321 543; x_wconf 78' lang='lat' dir='ltr'>est,</span> <span class='ocrx_word' id='word_1_34' title='bbox 343 504 384 533; x_wconf 88' lang='lat' dir='ltr'>ut</span> <span class='ocrx_word' id='word_1_35' title='bbox 401 499 567 533; x_wconf 87' lang='lat' dir='ltr'>omnibus</span> <span class='ocrx_word' id='word_1_36' title='bbox 584 499 741 533; x_wconf 90' lang='lat' dir='ltr'>numeris</span> <span class='ocrx_word' id='word_1_37' title='bbox 759 499 806 532; x_wconf 84' lang='lat' dir='ltr'>ad</span> <span class='ocrx_word' id='word_1_38' title='bbox 822 498 863 532; x_wconf 85' lang='lat' dir='ltr'>li-</span> <span class='ocrx_word' id='word_1_39' title='bbox 889 499 937 534; x_wconf 75' lang='grc' dir='ltr'>εἰς</span> <span class='ocrx_word' id='word_1_40' title='bbox 953 497 1021 541; x_wconf 80' lang='grc' dir='ltr'>τὴν</span> <span class='ocrx_word' id='word_1_41' title='bbox 1039 497 1301 543; x_wconf 75' lang='grc' dir='ltr'><em>περὶΜυκάλην</em></span> <span class='ocrx_word' id='word_1_42' title='bbox 1317 499 1432 542; x_wconf 74' lang='grc' dir='ltr'><em>μάχην</em></span> <span class='ocrx_word' id='word_1_43' title='bbox 1445 497 1604 534; x_wconf 73' lang='grc' dir='ltr'><em>τοῒςἝλ-</em></span> 
     </span>
     <span class='ocr_line' id='line_1_6' title="bbox 149 530 1602 591; baseline -0.002 -12"><span class='ocrx_word' id='word_1_44' title='bbox 149 545 299 591; x_wconf 88' lang='lat' dir='ltr'>quidum</span> <span class='ocrx_word' id='word_1_45' title='bbox 316 545 494 589; x_wconf 86' lang='lat' dir='ltr'>perducta</span> <span class='ocrx_word' id='word_1_46' title='bbox 512 555 589 579; x_wconf 91' lang='lat' dir='ltr'>esse</span> <span class='ocrx_word' id='word_1_47' title='bbox 605 544 721 578; x_wconf 87' lang='lat' dir='ltr'>videri</span> <span class='ocrx_word' id='word_1_48' title='bbox 738 530 966 588; x_wconf 46' lang='lat' dir='ltr'>possibilem</span> <span class='ocrx_word' id='word_1_49' title='bbox 991 543 1082 587; x_wconf 75' lang='grc' dir='ltr'>πρὸς</span> <span class='ocrx_word' id='word_1_50' title='bbox 1105 543 1190 579; x_wconf 77' lang='grc' dir='ltr'>τούς</span> <span class='ocrx_word' id='word_1_51' title='bbox 1213 548 1352 586; x_wconf 71' lang='grc' dir='ltr'><em>Πέρσας</em></span> <span class='ocrx_word' id='word_1_52' title='bbox 1375 546 1434 576; x_wconf 84' lang='grc' dir='ltr'>καὶ</span> <span class='ocrx_word' id='word_1_53' title='bbox 1457 546 1602 584; x_wconf 75' lang='grc' dir='ltr'><em>Σηστοῦ</em></span> 
     </span>
    </p>

    <p class='ocr_par' dir='ltr' id='par_1_3' title="bbox 148 587 1605 1039">
     <span class='ocr_line' id='line_1_7' title="bbox 195 587 1604 635; baseline -0.001 -11"><span class='ocrx_word' id='word_1_54' title='bbox 195 590 360 624; x_wconf 86' lang='lat' dir='ltr'>Fuerunt</span> <span class='ocrx_word' id='word_1_55' title='bbox 397 590 458 634; x_wconf 87' lang='lat' dir='ltr'>qui</span> <span class='ocrx_word' id='word_1_56' title='bbox 490 590 658 623; x_wconf 80' lang='lat' dir='ltr'>historias</span> <span class='ocrx_word' id='word_1_57' title='bbox 686 588 1115 635; x_wconf 64' lang='lat' dir='ltr'>Herodotilnohopm&#39;av.</span> <span class='ocrx_word' id='word_1_58' title='bbox 1142 588 1247 629; x_wconf 84' lang='lat' dir='ltr'>Quod</span> <span class='ocrx_word' id='word_1_59' title='bbox 1264 588 1295 622; x_wconf 90' lang='lat' dir='ltr'>si</span> <span class='ocrx_word' id='word_1_60' title='bbox 1311 599 1383 623; x_wconf 88' lang='lat' dir='ltr'>non</span> <span class='ocrx_word' id='word_1_61' title='bbox 1396 587 1604 623; x_wconf 89' lang='lat' dir='ltr'>Herodotus</span> 
     </span>
     <span class='ocr_line' id='line_1_8' title="bbox 148 633 1602 680; baseline -0.002 -11"><span class='ocrx_word' id='word_1_62' title='bbox 148 635 385 680; x_wconf 82' lang='lat' dir='ltr'>imperfectas</span> <span class='ocrx_word' id='word_1_63' title='bbox 439 635 612 668; x_wconf 87' lang='lat' dir='ltr'>mansisse</span> <span class='ocrx_word' id='word_1_64' title='bbox 667 633 1058 680; x_wconf 50' lang='lat' dir='ltr'>statuerentssistorias</span> <span class='ocrx_word' id='word_1_65' title='bbox 1090 633 1127 667; x_wconf 90' lang='lat' dir='ltr'>in</span> <span class='ocrx_word' id='word_1_66' title='bbox 1158 645 1287 668; x_wconf 86' lang='lat' dir='ltr'>novem</span> <span class='ocrx_word' id='word_1_67' title='bbox 1324 634 1436 668; x_wconf 91' lang='lat' dir='ltr'>libros</span> <span class='ocrx_word' id='word_1_68' title='bbox 1469 634 1602 675; x_wconf 78' lang='lat' dir='ltr'>divisit,</span> 
     </span>
     <span class='ocr_line' id='line_1_9' title="bbox 150 678 1604 723; baseline -0.001 -9"><span class='ocrx_word' id='word_1_69' title='bbox 150 681 295 721; x_wconf 80' lang='lat' dir='ltr'>(Baehr.</span> <span class='ocrx_word' id='word_1_70' title='bbox 314 680 383 714; x_wconf 84' lang='lat' dir='ltr'>vol.</span> <span class='ocrx_word' id='word_1_71' title='bbox 402 680 456 714; x_wconf 93' lang='lat' dir='ltr'>IV</span> <span class='ocrx_word' id='word_1_72' title='bbox 472 680 550 714; x_wconf 82' lang='lat'>409.</span> <span class='ocrx_word' id='word_1_73' title='bbox 577 679 778 713; x_wconf 85' lang='lat' dir='ltr'>Kirchhoff.</span> <span class='ocrx_word' id='word_1_74' title='bbox 798 679 820 712; x_wconf 93' lang='lat' dir='ltr'>l.</span> <span class='ocrx_word' id='word_1_75' title='bbox 840 678 863 711; x_wconf 94' lang='lat' dir='ltr'>l.</span> <span class='ocrx_word' id='word_1_76' title='bbox 889 678 986 712; x_wconf 88' lang='lat' dir='ltr'>idem</span> <span class='ocrx_word' id='word_1_77' title='bbox 1019 678 1180 723; x_wconf 83' lang='lat' dir='ltr'>singulos</span> <span class='ocrx_word' id='word_1_78' title='bbox 1212 678 1385 713; x_wconf 86' lang='lat' dir='ltr'>librorum</span> <span class='ocrx_word' id='word_1_79' title='bbox 1416 678 1604 712; x_wconf 83' lang='lat' dir='ltr'>Musarum</span> 
     </span>
     <span class='ocr_line' id='line_1_10' title="bbox 150 723 1603 771; baseline -0.001 -11"><span class='ocrx_word' id='word_1_80' title='bbox 150 738 185 771; x_wconf 90' lang='lat' dir='ltr'>p.</span> <span class='ocrx_word' id='word_1_81' title='bbox 210 726 264 760; x_wconf 76' lang='lat'>28.</span> <span class='ocrx_word' id='word_1_82' title='bbox 288 726 346 768; x_wconf 73' lang='lat'>29)</span> <span class='ocrx_word' id='word_1_83' title='bbox 369 736 487 768; x_wconf 90' lang='lat' dir='ltr'>neque</span> <span class='ocrx_word' id='word_1_84' title='bbox 510 725 549 758; x_wconf 90' lang='lat' dir='ltr'>in</span> <span class='ocrx_word' id='word_1_85' title='bbox 571 724 642 758; x_wconf 86' lang='lat' dir='ltr'>fine</span> <span class='ocrx_word' id='word_1_86' title='bbox 668 723 1032 765; x_wconf 35' lang='lat' dir='ltr'>absolutasffnomine</span> <span class='ocrx_word' id='word_1_87' title='bbox 1051 734 1178 757; x_wconf 86' lang='lat' dir='ltr'>ornare</span> <span class='ocrx_word' id='word_1_88' title='bbox 1196 723 1255 756; x_wconf 74' lang='lat' dir='ltr'>vix</span> <span class='ocrx_word' id='word_1_89' title='bbox 1271 724 1406 768; x_wconf 87' lang='lat' dir='ltr'>potuit,</span> <span class='ocrx_word' id='word_1_90' title='bbox 1430 735 1522 768; x_wconf 90' lang='lat' dir='ltr'>quae</span> <span class='ocrx_word' id='word_1_91' title='bbox 1541 735 1603 768; x_wconf 88' lang='lat' dir='ltr'>ap-</span> 
     </span>
     <span class='ocr_line' id='line_1_11' title="bbox 149 768 1600 819; baseline -0.003 -13"><span class='ocrx_word' id='word_1_92' title='bbox 149 773 203 806; x_wconf 87' lang='lat' dir='ltr'>ita</span> <span class='ocrx_word' id='word_1_93' title='bbox 225 775 265 804; x_wconf 91' lang='lat' dir='ltr'>ut</span> <span class='ocrx_word' id='word_1_94' title='bbox 289 774 471 806; x_wconf 80' lang='lat' dir='ltr'>auctorem</span> <span class='ocrx_word' id='word_1_95' title='bbox 495 774 728 814; x_wconf 86' lang='lat' dir='ltr'>praematura</span> <span class='ocrx_word' id='word_1_96' title='bbox 750 768 1038 819; x_wconf 14' lang='lat' dir='ltr'>mortewpellatio</span> <span class='ocrx_word' id='word_1_97' title='bbox 1053 769 1180 813; x_wconf 81' lang='lat' dir='ltr'>etipsa</span> <span class='ocrx_word' id='word_1_98' title='bbox 1194 768 1505 802; x_wconf 77' lang='lat' dir='ltr'>abAlexandrinis</span> <span class='ocrx_word' id='word_1_99' title='bbox 1519 781 1600 814; x_wconf 83' lang='lat' dir='ltr'>pro-</span> 
     </span>
     <span class='ocr_line' id='line_1_12' title="bbox 150 813 1603 861; baseline -0.002 -11"><span class='ocrx_word' id='word_1_100' title='bbox 150 816 366 861; x_wconf 88' lang='lat' dir='ltr'>impeditum</span> <span class='ocrx_word' id='word_1_101' title='bbox 385 825 463 849; x_wconf 90' lang='lat' dir='ltr'>esse</span> <span class='ocrx_word' id='word_1_102' title='bbox 481 817 653 858; x_wconf 86' lang='lat' dir='ltr'>putarent</span> <span class='ocrx_word' id='word_1_103' title='bbox 676 813 986 857; x_wconf 68' lang='lat' dir='ltr'>quominusjtecta</span> <span class='ocrx_word' id='word_1_104' title='bbox 1012 823 1091 847; x_wconf 89' lang='lat' dir='ltr'>esse</span> <span class='ocrx_word' id='word_1_105' title='bbox 1119 814 1263 847; x_wconf 81' lang='lat' dir='ltr'>videtur</span> <span class='ocrx_word' id='word_1_106' title='bbox 1291 813 1350 851; x_wconf 88' lang='lat' dir='ltr'>(cf.</span> <span class='ocrx_word' id='word_1_107' title='bbox 1377 813 1603 859; x_wconf 75' lang='lat' dir='ltr'>epigramma</span> 
     </span>
     <span class='ocr_line' id='line_1_13' title="bbox 150 857 1602 904; baseline -0.002 -9"><span class='ocrx_word' id='word_1_108' title='bbox 150 867 265 896; x_wconf 87' lang='lat' dir='ltr'>totum</span> <span class='ocrx_word' id='word_1_109' title='bbox 283 871 372 904; x_wconf 90' lang='lat' dir='ltr'>opus</span> <span class='ocrx_word' id='word_1_110' title='bbox 390 860 499 904; x_wconf 86' lang='lat' dir='ltr'>(quod</span> <span class='ocrx_word' id='word_1_111' title='bbox 517 858 706 893; x_wconf 85' lang='lat' dir='ltr'>obsidione</span> <span class='ocrx_word' id='word_1_112' title='bbox 722 857 816 892; x_wconf 88' lang='lat' dir='ltr'>Sesti</span> <span class='ocrx_word' id='word_1_113' title='bbox 831 869 862 891; x_wconf 91' lang='lat' dir='ltr'>a.</span> <span class='ocrx_word' id='word_1_114' title='bbox 876 893 877 897; x_wconf 54' lang='grc'>,</span> <span class='ocrx_word' id='word_1_115' title='bbox 889 857 985 901; x_wconf 86' lang='lat' dir='ltr'>quod</span> <span class='ocrx_word' id='word_1_116' title='bbox 1010 862 1065 891; x_wconf 88' lang='lat' dir='ltr'>est</span> <span class='ocrx_word' id='word_1_117' title='bbox 1091 858 1189 901; x_wconf 85' lang='lat' dir='ltr'>apud</span> <span class='ocrx_word' id='word_1_118' title='bbox 1205 858 1348 892; x_wconf 87' lang='lat' dir='ltr'>Iacobs.</span> <span class='ocrx_word' id='word_1_119' title='bbox 1368 859 1503 893; x_wconf 88' lang='lat' dir='ltr'>anthol.</span> <span class='ocrx_word' id='word_1_120' title='bbox 1522 859 1602 892; x_wconf 86' lang='lat' dir='ltr'>Pal.</span> 
     </span>
     <span class='ocr_line' id='line_1_14' title="bbox 150 902 1603 947; baseline -0.003 -7"><span class='ocrx_word' id='word_1_121' title='bbox 150 907 217 941; x_wconf 74' lang='lat'>479</span> <span class='ocrx_word' id='word_1_122' title='bbox 235 917 267 939; x_wconf 86' lang='lat' dir='ltr'>a.</span> <span class='ocrx_word' id='word_1_123' title='bbox 284 905 365 939; x_wconf 90' lang='lat' dir='ltr'>Chr.</span> <span class='ocrx_word' id='word_1_124' title='bbox 381 916 414 937; x_wconf 87' lang='lat' dir='ltr'>n.</span> <span class='ocrx_word' id='word_1_125' title='bbox 430 903 566 945; x_wconf 81' lang='lat' dir='ltr'>finitur)</span> <span class='ocrx_word' id='word_1_126' title='bbox 579 904 626 936; x_wconf 84' lang='lat' dir='ltr'>ad</span> <span class='ocrx_word' id='word_1_127' title='bbox 640 903 864 947; x_wconf 86' lang='lat' dir='ltr'>propositum</span> <span class='ocrx_word' id='word_1_128' title='bbox 888 902 942 937; x_wconf 79' lang='lat' dir='ltr'>IV</span> <span class='ocrx_word' id='word_1_129' title='bbox 965 914 1000 946; x_wconf 91' lang='lat' dir='ltr'>p.</span> <span class='ocrx_word' id='word_1_130' title='bbox 1020 902 1103 936; x_wconf 72' lang='lat'>230:</span> <span class='ocrx_word' id='word_1_131' title='bbox 1128 903 1322 946; x_wconf 68' lang='grc' dir='ltr'><em>Ἱίροόοτος</em></span> <span class='ocrx_word' id='word_1_132' title='bbox 1345 904 1492 939; x_wconf 64' lang='grc' dir='ltr'><em>Μούσας</em></span> <span class='ocrx_word' id='word_1_133' title='bbox 1516 909 1603 937; x_wconf 73' lang='grc' dir='ltr'><em>άπε-</em></span> 
     </span>
     <span class='ocr_line' id='line_1_15' title="bbox 150 946 1605 993; baseline -0.001 -9"><span class='ocrx_word' id='word_1_134' title='bbox 150 951 258 985; x_wconf 88' lang='lat' dir='ltr'>finem</span> <span class='ocrx_word' id='word_1_135' title='bbox 287 949 500 991; x_wconf 67' lang='lat' dir='ltr'>adduceret,</span> <span class='ocrx_word' id='word_1_136' title='bbox 530 949 569 982; x_wconf 88' lang='lat' dir='ltr'>id</span> <span class='ocrx_word' id='word_1_137' title='bbox 592 948 689 991; x_wconf 88' lang='lat' dir='ltr'>quod</span> <span class='ocrx_word' id='word_1_138' title='bbox 713 946 1033 986; x_wconf 56' lang='lat' dir='ltr'>difficilestesazo·</span> <span class='ocrx_word' id='word_1_139' title='bbox 1058 951 1111 989; x_wconf 78' lang='grc' dir='ltr'>τῷ</span> <span class='ocrx_word' id='word_1_140' title='bbox 1135 946 1162 980; x_wconf 72' lang='grc' dir='ltr'>ὁ““</span> <span class='ocrx_word' id='word_1_141' title='bbox 1180 947 1233 991; x_wconf 56' lang='grc' dir='ltr'>ἄρ)</span> <span class='ocrx_word' id='word_1_142' title='bbox 1249 946 1485 991; x_wconf 67' lang='grc' dir='ltr'>ἑκάστηιᾶιιτὶ</span> <span class='ocrx_word' id='word_1_143' title='bbox 1504 948 1605 993; x_wconf 63' lang='grc' dir='ltr'><em>φιλο-</em></span> 
     </span>
     <span class='ocr_line' id='line_1_16' title="bbox 152 991 1604 1039; baseline -0.003 -9"><span class='ocrx_word' id='word_1_144' title='bbox 152 1000 206 1030; x_wconf 87' lang='lat' dir='ltr'>est</span> <span class='ocrx_word' id='word_1_145' title='bbox 223 995 270 1029; x_wconf 89' lang='lat' dir='ltr'>ad</span> <span class='ocrx_word' id='word_1_146' title='bbox 286 994 560 1039; x_wconf 73' lang='lat' dir='ltr'>probandun1.21</span> <span class='ocrx_word' id='word_1_147' title='bbox 601 993 782 1026; x_wconf 83' lang='lat' dir='ltr'>Maiorem</span> <span class='ocrx_word' id='word_1_148' title='bbox 801 992 863 1026; x_wconf 89' lang='lat' dir='ltr'>ha-</span> <span class='ocrx_word' id='word_1_149' title='bbox 890 992 1001 1034; x_wconf 66' lang='grc' dir='ltr'><em>ξενιής</em></span> <span class='ocrx_word' id='word_1_150' title='bbox 1016 993 1147 1035; x_wconf 73' lang='grc' dir='ltr'><em>βίβλον</em></span> <span class='ocrx_word' id='word_1_151' title='bbox 1164 991 1275 1025; x_wconf 78' lang='grc' dir='ltr'><em>ἔδωκε</em></span> <span class='ocrx_word' id='word_1_152' title='bbox 1298 997 1409 1035; x_wconf 78' lang='grc' dir='ltr'><em>μίαν).</em></span> <span class='ocrx_word' id='word_1_153' title='bbox 1460 992 1604 1027; x_wconf 83' lang='lat' dir='ltr'>Similes</span> 
     </span>
    </p>
   </div>
   <div class='ocr_carea' id='block_1_3' title="bbox 1518 287 1604 318">
    <p class='ocr_par' dir='ltr' id='par_1_4' title="bbox 1518 287 1604 318">
     <span class='ocr_line' id='line_1_17' title="bbox 1518 287 1604 318; baseline 0.035 -3"><span class='ocrx_word' id='word_1_154' title='bbox 1518 287 1604 318; x_wconf 75' lang='lat' dir='ltr'>XXI</span> 
     </span>
    </p>
   </div>
   <div class='ocr_carea' id='block_1_4' title="bbox 148 1038 864 1220">
    <p class='ocr_par' dir='ltr' id='par_1_5' title="bbox 148 1038 864 1220">
     <span class='ocr_line' id='line_1_18' title="bbox 149 1038 863 1085; baseline -0.006 -10"><span class='ocrx_word' id='word_1_155' title='bbox 149 1041 212 1075; x_wconf 87' lang='lat' dir='ltr'>bet</span> <span class='ocrx_word' id='word_1_156' title='bbox 229 1039 524 1085; x_wconf 81' lang='lat' dir='ltr'>probabilitatem</span> <span class='ocrx_word' id='word_1_157' title='bbox 548 1048 620 1072; x_wconf 87' lang='lat' dir='ltr'>non</span> <span class='ocrx_word' id='word_1_158' title='bbox 637 1038 863 1072; x_wconf 89' lang='lat' dir='ltr'>Herodotum</span> 
     </span>
     <span class='ocr_line' id='line_1_19' title="bbox 151 1084 863 1128; baseline -0.006 -8"><span class='ocrx_word' id='word_1_159' title='bbox 151 1086 214 1120; x_wconf 88' lang='lat' dir='ltr'>sed</span> <span class='ocrx_word' id='word_1_160' title='bbox 233 1085 376 1120; x_wconf 89' lang='lat' dir='ltr'>criticos</span> <span class='ocrx_word' id='word_1_161' title='bbox 393 1084 675 1126; x_wconf 80' lang='lat' dir='ltr'>Alexandrinos,</span> <span class='ocrx_word' id='word_1_162' title='bbox 700 1094 788 1128; x_wconf 90' lang='lat' dir='ltr'>quos</span> <span class='ocrx_word' id='word_1_163' title='bbox 807 1093 863 1116; x_wconf 82' lang='lat' dir='ltr'>ex-</span> 
     </span>
     <span class='ocr_line' id='line_1_20' title="bbox 148 1129 864 1180; baseline -0.006 -15"><span class='ocrx_word' id='word_1_164' title='bbox 148 1130 328 1177; x_wconf 85' lang='lat' dir='ltr'>plicandis</span> <span class='ocrx_word' id='word_1_165' title='bbox 336 1129 680 1163; x_wconf 87' lang='lat' dir='ltr'>Herodotihistoriis</span> <span class='ocrx_word' id='word_1_166' title='bbox 693 1139 864 1180; x_wconf 79' lang='lat' dir='ltr'>magnam</span> 
     </span>
     <span class='ocr_line' id='line_1_21' title="bbox 150 1173 863 1220; baseline -0.007 -9"><span class='ocrx_word' id='word_1_167' title='bbox 150 1188 170 1211; x_wconf 94' lang='lat' dir='ltr'>o</span> <span class='ocrx_word' id='word_1_168' title='bbox 199 1187 297 1210; x_wconf 87' lang='lat' dir='ltr'>eram</span> <span class='ocrx_word' id='word_1_169' title='bbox 313 1174 534 1220; x_wconf 83' lang='lat' dir='ltr'>impendisse</span> <span class='ocrx_word' id='word_1_170' title='bbox 550 1185 631 1208; x_wconf 79' lang='lat' dir='ltr'>mox</span> <span class='ocrx_word' id='word_1_171' title='bbox 648 1173 863 1217; x_wconf 80' lang='lat' dir='ltr'>videbimus,</span> 
     </span>
    </p>
   </div>
   <div class='ocr_carea' id='block_1_5' title="bbox 147 1219 863 2080">
    <p class='ocr_par' dir='ltr' id='par_1_6' title="bbox 147 1219 863 2080">
     <span class='ocr_line' id='line_1_22' title="bbox 190 1219 860 1264; baseline -0.006 -8"><span class='ocrx_word' id='word_1_172' title='bbox 190 1221 325 1256; x_wconf 85' lang='lat' dir='ltr'>erodoti</span> <span class='ocrx_word' id='word_1_173' title='bbox 344 1230 434 1264; x_wconf 91' lang='lat' dir='ltr'>opus</span> <span class='ocrx_word' id='word_1_174' title='bbox 447 1219 484 1253; x_wconf 90' lang='lat' dir='ltr'>in</span> <span class='ocrx_word' id='word_1_175' title='bbox 497 1230 624 1253; x_wconf 90' lang='lat' dir='ltr'>novem</span> <span class='ocrx_word' id='word_1_176' title='bbox 638 1219 762 1260; x_wconf 84' lang='lat' dir='ltr'>libros,</span> <span class='ocrx_word' id='word_1_177' title='bbox 776 1229 860 1263; x_wconf 86' lang='lat' dir='ltr'>qua-</span> 
     </span>
     <span class='ocr_line' id='line_1_23' title="bbox 150 1264 862 1310; baseline -0.007 -8"><span class='ocrx_word' id='word_1_178' title='bbox 150 1268 202 1302; x_wconf 88' lang='lat' dir='ltr'>les</span> <span class='ocrx_word' id='word_1_179' title='bbox 219 1277 314 1300; x_wconf 88' lang='lat' dir='ltr'>nunc</span> <span class='ocrx_word' id='word_1_180' title='bbox 330 1266 512 1310; x_wconf 82' lang='lat' dir='ltr'>leguntur,</span> <span class='ocrx_word' id='word_1_181' title='bbox 531 1264 708 1298; x_wconf 84' lang='lat' dir='ltr'>divisisse.</span> <span class='ocrx_word' id='word_1_182' title='bbox 747 1264 862 1298; x_wconf 89' lang='lat' dir='ltr'>Hero-</span> 
     </span>
     <span class='ocr_line' id='line_1_24' title="bbox 151 1309 862 1355; baseline -0.006 -9"><span class='ocrx_word' id='word_1_183' title='bbox 151 1313 255 1347; x_wconf 85' lang='lat' dir='ltr'>dotus</span> <span class='ocrx_word' id='word_1_184' title='bbox 294 1311 389 1345; x_wconf 88' lang='lat' dir='ltr'>enim</span> <span class='ocrx_word' id='word_1_185' title='bbox 433 1310 595 1355; x_wconf 82' lang='lat' dir='ltr'>singulas</span> <span class='ocrx_word' id='word_1_186' title='bbox 632 1309 862 1343; x_wconf 84' lang='lat' dir='ltr'>historiarum</span> 
     </span>
     <span class='ocr_line' id='line_1_25' title="bbox 149 1354 862 1403; baseline -0.004 -12"><span class='ocrx_word' id='word_1_187' title='bbox 149 1361 273 1403; x_wconf 83' lang='lat' dir='ltr'>partes</span> <span class='ocrx_word' id='word_1_188' title='bbox 302 1356 376 1390; x_wconf 90' lang='lat' dir='ltr'>sive</span> <span class='ocrx_word' id='word_1_189' title='bbox 405 1356 585 1389; x_wconf 87' lang='lat' dir='ltr'>communi</span> <span class='ocrx_word' id='word_1_190' title='bbox 617 1354 862 1400; x_wconf 84' lang='lat' dir='ltr'>appellatione</span> 
     </span>
     <span class='ocr_line' id='line_1_26' title="bbox 151 1400 863 1448; baseline -0.003 -11"><span class='ocrx_word' id='word_1_191' title='bbox 151 1402 241 1437; x_wconf 82' lang='lat' dir='ltr'>dicit</span> <span class='ocrx_word' id='word_1_192' title='bbox 253 1402 382 1448; x_wconf 70' lang='grc' dir='ltr'><em>λόγους</em></span> <span class='ocrx_word' id='word_1_193' title='bbox 395 1400 471 1435; x_wconf 78' lang='lat' dir='ltr'>sive</span> <span class='ocrx_word' id='word_1_194' title='bbox 484 1402 568 1436; x_wconf 70' lang='grc' dir='ltr'><em>τοὺς</em></span> <span class='ocrx_word' id='word_1_195' title='bbox 583 1414 764 1445; x_wconf 78' lang='grc' dir='ltr'><em>πρωτους,</em></span> <span class='ocrx_word' id='word_1_196' title='bbox 777 1402 863 1435; x_wconf 72' lang='grc' dir='ltr'><em>τοὺς</em></span> 
     </span>
     <span class='ocr_line' id='line_1_27' title="bbox 151 1445 862 1492; baseline -0.004 -9"><span class='ocrx_word' id='word_1_197' title='bbox 151 1448 283 1489; x_wconf 79' lang='grc' dir='ltr'><em>ὀπίσω,</em></span> <span class='ocrx_word' id='word_1_198' title='bbox 306 1446 390 1482; x_wconf 74' lang='grc' dir='ltr'><em>τοὺς</em></span> <span class='ocrx_word' id='word_1_199' title='bbox 408 1446 548 1481; x_wconf 69' lang='grc' dir='ltr'><em>ὀπίσθε</em></span> <span class='ocrx_word' id='word_1_200' title='bbox 571 1445 710 1492; x_wconf 61' lang='grc' dir='ltr'><em>λόγους,</em></span> <span class='ocrx_word' id='word_1_201' title='bbox 734 1445 862 1491; x_wconf 68' lang='grc' dir='ltr'><em>λόγους</em></span> 
     </span>
     <span class='ocr_line' id='line_1_28' title="bbox 148 1490 861 1537; baseline -0.007 -9"><span class='ocrx_word' id='word_1_202' title='bbox 148 1493 346 1537; x_wconf 78' lang='grc' dir='ltr'><em>Λιβυκσύς,</em></span> <span class='ocrx_word' id='word_1_203' title='bbox 362 1491 570 1535; x_wconf 72' lang='grc' dir='ltr'><strong><em>Ἀσσυρίους</em></strong></span> <span class='ocrx_word' id='word_1_204' title='bbox 588 1490 792 1525; x_wconf 73' lang='lat' dir='ltr'>accuratius</span> <span class='ocrx_word' id='word_1_205' title='bbox 810 1490 861 1523; x_wconf 79' lang='lat' dir='ltr'>in-</span> 
     </span>
     <span class='ocr_line' id='line_1_29' title="bbox 150 1536 860 1578; baseline -0.007 -5"><span class='ocrx_word' id='word_1_206' title='bbox 150 1539 249 1573; x_wconf 82' lang='lat' dir='ltr'>dicat</span> <span class='ocrx_word' id='word_1_207' title='bbox 270 1537 317 1578; x_wconf 93' lang='lat' dir='ltr'>(V</span> <span class='ocrx_word' id='word_1_208' title='bbox 333 1538 377 1572; x_wconf 79' lang='lat'>36</span> <span class='ocrx_word' id='word_1_209' title='bbox 400 1537 474 1572; x_wconf 86' lang='lat' dir='ltr'>VII</span> <span class='ocrx_word' id='word_1_210' title='bbox 490 1537 545 1571; x_wconf 80' lang='lat'>93.</span> <span class='ocrx_word' id='word_1_211' title='bbox 564 1537 632 1571; x_wconf 74' lang='lat'>213</span> <span class='ocrx_word' id='word_1_212' title='bbox 654 1536 747 1571; x_wconf 85' lang='lat' dir='ltr'>VIII</span> <span class='ocrx_word' id='word_1_213' title='bbox 770 1536 860 1578; x_wconf 69' lang='lat' dir='ltr'>13T).</span> 
     </span>
     <span class='ocr_line' id='line_1_30' title="bbox 150 1581 861 1626; baseline -0.006 -8"><span class='ocrx_word' id='word_1_214' title='bbox 150 1584 231 1626; x_wconf 81' lang='lat' dir='ltr'>Qua</span> <span class='ocrx_word' id='word_1_215' title='bbox 248 1583 293 1617; x_wconf 89' lang='lat' dir='ltr'>de</span> <span class='ocrx_word' id='word_1_216' title='bbox 310 1593 349 1616; x_wconf 89' lang='lat' dir='ltr'>re</span> <span class='ocrx_word' id='word_1_217' title='bbox 367 1581 533 1616; x_wconf 88' lang='lat' dir='ltr'>conferas</span> <span class='ocrx_word' id='word_1_218' title='bbox 557 1585 726 1616; x_wconf 86' lang='lat' dir='ltr'>accurate</span> <span class='ocrx_word' id='word_1_219' title='bbox 750 1582 861 1615; x_wconf 85' lang='lat' dir='ltr'>disse-</span> 
     </span>
     <span class='ocr_line' id='line_1_31' title="bbox 148 1626 863 1671; baseline -0.007 -7"><span class='ocrx_word' id='word_1_220' title='bbox 148 1634 287 1664; x_wconf 85' lang='lat' dir='ltr'>rentem</span> <span class='ocrx_word' id='word_1_221' title='bbox 319 1627 533 1670; x_wconf 82' lang='lat' dir='ltr'>Baehrium,</span> <span class='ocrx_word' id='word_1_222' title='bbox 573 1628 635 1671; x_wconf 90' lang='lat' dir='ltr'>qui</span> <span class='ocrx_word' id='word_1_223' title='bbox 667 1637 740 1670; x_wconf 83' lang='lat' dir='ltr'>qua</span> <span class='ocrx_word' id='word_1_224' title='bbox 773 1626 863 1660; x_wconf 88' lang='lat' dir='ltr'>solet</span> 
     </span>
     <span class='ocr_line' id='line_1_32' title="bbox 151 1671 863 1709; baseline -0.007 0"><span class='ocrx_word' id='word_1_225' title='bbox 151 1674 315 1709; x_wconf 80' lang='lat' dir='ltr'>doctrina</span> <span class='ocrx_word' id='word_1_226' title='bbox 345 1677 458 1707; x_wconf 85' lang='lat' dir='ltr'>totam</span> <span class='ocrx_word' id='word_1_227' title='bbox 497 1673 542 1707; x_wconf 89' lang='lat' dir='ltr'>de</span> <span class='ocrx_word' id='word_1_228' title='bbox 574 1672 751 1706; x_wconf 85' lang='lat' dir='ltr'>Herodoti</span> <span class='ocrx_word' id='word_1_229' title='bbox 788 1671 863 1705; x_wconf 76' lang='lat' dir='ltr'>vita</span> 
     </span>
     <span class='ocr_line' id='line_1_33' title="bbox 151 1716 862 1764; baseline -0.006 -10"><span class='ocrx_word' id='word_1_230' title='bbox 151 1719 366 1764; x_wconf 85' lang='lat' dir='ltr'>scriptisque</span> <span class='ocrx_word' id='word_1_231' title='bbox 415 1717 665 1761; x_wconf 88' lang='lat' dir='ltr'>quaestionem</span> <span class='ocrx_word' id='word_1_232' title='bbox 714 1727 800 1762; x_wconf 85' lang='lat' dir='ltr'>egre</span> <span class='ocrx_word' id='word_1_233' title='bbox 830 1716 862 1750; x_wconf 83' lang='lat' dir='ltr'>ie</span> 
     </span>
     <span class='ocr_line' id='line_1_34' title="bbox 149 1762 862 1810; baseline -0.004 -12"><span class='ocrx_word' id='word_1_234' title='bbox 149 1768 362 1810; x_wconf 88' lang='lat' dir='ltr'>persecutus</span> <span class='ocrx_word' id='word_1_235' title='bbox 388 1767 442 1797; x_wconf 89' lang='lat' dir='ltr'>est</span> <span class='ocrx_word' id='word_1_236' title='bbox 460 1763 497 1796; x_wconf 91' lang='lat' dir='ltr'>in</span> <span class='ocrx_word' id='word_1_237' title='bbox 515 1763 584 1796; x_wconf 89' lang='lat' dir='ltr'>vol.</span> <span class='ocrx_word' id='word_1_238' title='bbox 606 1762 660 1797; x_wconf 88' lang='lat' dir='ltr'>IV</span> <span class='ocrx_word' id='word_1_239' title='bbox 680 1762 766 1796; x_wconf 89' lang='lat' dir='ltr'>edit.</span> <span class='ocrx_word' id='word_1_240' title='bbox 829 1772 862 1796; x_wconf 92' lang='lat' dir='ltr'>e-</span> 
     </span>
     <span class='ocr_line' id='line_1_35' title="bbox 149 1807 863 1853; baseline -0.004 -10"><span class='ocrx_word' id='word_1_241' title='bbox 149 1810 225 1844; x_wconf 91' lang='lat' dir='ltr'>rod.</span> <span class='ocrx_word' id='word_1_242' title='bbox 242 1821 276 1853; x_wconf 91' lang='lat' dir='ltr'>p.</span> <span class='ocrx_word' id='word_1_243' title='bbox 292 1809 484 1843; x_wconf 76' lang='lat'>396—500.</span> <span class='ocrx_word' id='word_1_244' title='bbox 521 1807 667 1841; x_wconf 85' lang='lat' dir='ltr'>Primus</span> <span class='ocrx_word' id='word_1_245' title='bbox 678 1807 863 1840; x_wconf 88' lang='lat' dir='ltr'>Diodorus</span> 
     </span>
     <span class='ocr_line' id='line_1_36' title="bbox 150 1852 862 1897; baseline -0.006 -8"><span class='ocrx_word' id='word_1_246' title='bbox 150 1854 308 1896; x_wconf 83' lang='lat' dir='ltr'>Siculus,</span> <span class='ocrx_word' id='word_1_247' title='bbox 332 1853 496 1897; x_wconf 86' lang='lat' dir='ltr'>aequalis</span> <span class='ocrx_word' id='word_1_248' title='bbox 513 1852 671 1897; x_wconf 81' lang='lat' dir='ltr'>Augusti</span> <span class='ocrx_word' id='word_1_249' title='bbox 693 1852 862 1897; x_wconf 79' lang='lat' dir='ltr'>tempori-</span> 
     </span>
     <span class='ocr_line' id='line_1_37' title="bbox 147 1897 862 1942; baseline -0.006 -8"><span class='ocrx_word' id='word_1_250' title='bbox 147 1900 216 1934; x_wconf 89' lang='lat' dir='ltr'>bus</span> <span class='ocrx_word' id='word_1_251' title='bbox 234 1899 403 1942; x_wconf 83' lang='lat' dir='ltr'>scriptor,</span> <span class='ocrx_word' id='word_1_252' title='bbox 433 1897 610 1931; x_wconf 86' lang='lat' dir='ltr'>Herodoti</span> <span class='ocrx_word' id='word_1_253' title='bbox 633 1897 802 1931; x_wconf 85' lang='lat' dir='ltr'>historias</span> <span class='ocrx_word' id='word_1_254' title='bbox 825 1897 862 1930; x_wconf 90' lang='lat' dir='ltr'>in</span> 
     </span>
     <span class='ocr_line' id='line_1_38' title="bbox 147 1943 863 1979; baseline -0.006 0"><span class='ocrx_word' id='word_1_255' title='bbox 147 1955 276 1979; x_wconf 91' lang='lat' dir='ltr'>novem</span> <span class='ocrx_word' id='word_1_256' title='bbox 303 1943 415 1978; x_wconf 88' lang='lat' dir='ltr'>libros</span> <span class='ocrx_word' id='word_1_257' title='bbox 444 1943 578 1976; x_wconf 85' lang='lat' dir='ltr'>divisas</span> <span class='ocrx_word' id='word_1_258' title='bbox 608 1946 863 1976; x_wconf 84' lang='lat' dir='ltr'>commemorat</span> 
     </span>
     <span class='ocr_line' id='line_1_39' title="bbox 147 1986 859 2034; baseline -0.007 -9"><span class='ocrx_word' id='word_1_259' title='bbox 147 1990 204 2024; x_wconf 89' lang='lat' dir='ltr'>XI</span> <span class='ocrx_word' id='word_1_260' title='bbox 221 1989 282 2024; x_wconf 82' lang='lat'>37:</span> <span class='ocrx_word' id='word_1_261' title='bbox 305 1991 381 2023; x_wconf 74' lang='grc' dir='ltr'>τῶν</span> <span class='ocrx_word' id='word_1_262' title='bbox 405 1986 443 2021; x_wconf 84' lang='grc' dir='ltr'>δὲ</span> <span class='ocrx_word' id='word_1_263' title='bbox 461 1992 698 2034; x_wconf 64' lang='grc' dir='ltr'>συγγραφέων</span> <span class='ocrx_word' id='word_1_264' title='bbox 716 1986 859 2031; x_wconf 69' lang='grc' dir='ltr'><em>Ήροὸο·</em></span> 
     </span>
     <span class='ocr_line' id='line_1_40' title="bbox 147 2034 862 2080; baseline -0.007 -11"><span class='ocrx_word' id='word_1_265' title='bbox 147 2049 208 2071; x_wconf 75' lang='grc' dir='ltr'><em>’τος</em></span> <span class='ocrx_word' id='word_1_266' title='bbox 241 2034 440 2080; x_wconf 73' lang='grc' dir='ltr'><em>ἀρξάμενος</em></span> <span class='ocrx_word' id='word_1_267' title='bbox 473 2034 545 2077; x_wconf 79' lang='grc' dir='ltr'>πρὸ</span> <span class='ocrx_word' id='word_1_268' title='bbox 579 2035 655 2066; x_wconf 77' lang='grc' dir='ltr'>τῶν</span> <span class='ocrx_word' id='word_1_269' title='bbox 692 2035 862 2078; x_wconf 70' lang='grc' dir='ltr'><em>Τρωικῶν</em></span> 
     </span>
    </p>
   </div>
   <div class='ocr_carea' id='block_1_6' title="bbox 146 2140 867 2847">
    <p class='ocr_par' dir='ltr' id='par_1_7' title="bbox 146 2140 867 2847">
     <span class='ocr_line' id='line_1_41' title="bbox 181 2140 861 2173; baseline -0.004 -4"><span class='ocrx_word' id='word_1_270' title='bbox 181 2143 207 2162; x_wconf 75' lang='lat'>2¹</span> <span class='ocrx_word' id='word_1_271' title='bbox 225 2144 363 2169; x_wconf 79' lang='lat' dir='ltr'>Dubitare</span> <span class='ocrx_word' id='word_1_272' title='bbox 383 2144 450 2168; x_wconf 84' lang='lat' dir='ltr'>licet</span> <span class='ocrx_word' id='word_1_273' title='bbox 462 2150 529 2167; x_wconf 91' lang='lat' dir='ltr'>num</span> <span class='ocrx_word' id='word_1_274' title='bbox 550 2145 657 2167; x_wconf 86' lang='lat' dir='ltr'>rectum</span> <span class='ocrx_word' id='word_1_275' title='bbox 671 2143 718 2171; x_wconf 88' lang='lat' dir='ltr'>sit,</span> <span class='ocrx_word' id='word_1_276' title='bbox 739 2141 813 2173; x_wconf 87' lang='lat' dir='ltr'>quod</span> <span class='ocrx_word' id='word_1_277' title='bbox 829 2140 861 2166; x_wconf 92' lang='lat' dir='ltr'>C.</span> 
     </span>
     <span class='ocr_line' id='line_1_42' title="bbox 147 2174 862 2208; baseline -0.007 -4"><span class='ocrx_word' id='word_1_278' title='bbox 147 2178 182 2205; x_wconf 93' lang='grc' dir='ltr'>Ο.</span> <span class='ocrx_word' id='word_1_279' title='bbox 196 2178 322 2203; x_wconf 80' lang='lat' dir='ltr'>Mueller.</span> <span class='ocrx_word' id='word_1_280' title='bbox 343 2177 449 2208; x_wconf 73' lang='lat' dir='ltr'>(Klein.</span> <span class='ocrx_word' id='word_1_281' title='bbox 463 2176 586 2202; x_wconf 72' lang='lat' dir='ltr'>(leutsch.</span> <span class='ocrx_word' id='word_1_282' title='bbox 599 2175 677 2201; x_wconf 85' lang='lat' dir='ltr'>Schr.</span> <span class='ocrx_word' id='word_1_283' title='bbox 697 2176 710 2200; x_wconf 95' lang='lat'>1</span> <span class='ocrx_word' id='word_1_284' title='bbox 731 2174 775 2207; x_wconf 85' lang='lat'>36)</span> <span class='ocrx_word' id='word_1_285' title='bbox 795 2182 862 2200; x_wconf 90' lang='lat' dir='ltr'>con-</span> 
     </span>
     <span class='ocr_line' id='line_1_43' title="bbox 147 2211 862 2242; baseline -0.007 -4"><span class='ocrx_word' id='word_1_286' title='bbox 147 2214 229 2242; x_wconf 79' lang='lat' dir='ltr'>iecit,</span> <span class='ocrx_word' id='word_1_287' title='bbox 250 2212 383 2237; x_wconf 84' lang='lat' dir='ltr'>historias</span> <span class='ocrx_word' id='word_1_288' title='bbox 397 2211 534 2236; x_wconf 84' lang='lat' dir='ltr'>Herodoti</span> <span class='ocrx_word' id='word_1_289' title='bbox 553 2217 569 2234; x_wconf 91' lang='lat' dir='ltr'>a</span> <span class='ocrx_word' id='word_1_290' title='bbox 582 2211 757 2238; x_wconf 76' lang='lat' dir='ltr'>Plesirrhoo‚</span> <span class='ocrx_word' id='word_1_291' title='bbox 779 2217 862 2240; x_wconf 88' lang='lat' dir='ltr'>quem</span> 
     </span>
     <span class='ocr_line' id='line_1_44' title="bbox 146 2244 860 2276; baseline -0.007 -4"><span class='ocrx_word' id='word_1_292' title='bbox 146 2247 329 2272; x_wconf 83' lang='lat' dir='ltr'>Ptolemaeus</span> <span class='ocrx_word' id='word_1_293' title='bbox 348 2246 547 2276; x_wconf 79' lang='lat' dir='ltr'>grammaticus</span> <span class='ocrx_word' id='word_1_294' title='bbox 567 2244 652 2275; x_wconf 82' lang='lat' dir='ltr'>(apud</span> <span class='ocrx_word' id='word_1_295' title='bbox 666 2244 748 2269; x_wconf 87' lang='lat' dir='ltr'>Phot.</span> <span class='ocrx_word' id='word_1_296' title='bbox 762 2251 786 2268; x_wconf 87' lang='lat' dir='ltr'>c.</span> <span class='ocrx_word' id='word_1_297' title='bbox 802 2245 860 2268; x_wconf 86' lang='lat'>190.</span> 
     </span>
     <span class='ocr_line' id='line_1_45' title="bbox 147 2278 862 2313; baseline -0.008 -6"><span class='ocrx_word' id='word_1_298' title='bbox 147 2288 176 2313; x_wconf 83' lang='lat' dir='ltr'>p.</span> <span class='ocrx_word' id='word_1_299' title='bbox 191 2281 239 2306; x_wconf 78' lang='lat'>148</span> <span class='ocrx_word' id='word_1_300' title='bbox 247 2280 274 2306; x_wconf 90' lang='lat' dir='ltr'>b.</span> <span class='ocrx_word' id='word_1_301' title='bbox 289 2281 338 2305; x_wconf 84' lang='lat'>150</span> <span class='ocrx_word' id='word_1_302' title='bbox 346 2280 385 2311; x_wconf 90' lang='lat' dir='ltr'>b.)</span> <span class='ocrx_word' id='word_1_303' title='bbox 405 2279 541 2305; x_wconf 87' lang='lat' dir='ltr'>amasium</span> <span class='ocrx_word' id='word_1_304' title='bbox 556 2278 695 2303; x_wconf 81' lang='lat' dir='ltr'>Herodoti</span> <span class='ocrx_word' id='word_1_305' title='bbox 714 2278 801 2302; x_wconf 80' lang='lat' dir='ltr'>fuisse</span> <span class='ocrx_word' id='word_1_306' title='bbox 822 2278 862 2302; x_wconf 82' lang='lat' dir='ltr'>fa-</span> 
     </span>
     <span class='ocr_line' id='line_1_46' title="bbox 146 2312 860 2346; baseline -0.007 -6"><span class='ocrx_word' id='word_1_307' title='bbox 146 2315 270 2344; x_wconf 83' lang='lat' dir='ltr'>bulatur,</span> <span class='ocrx_word' id='word_1_308' title='bbox 291 2316 356 2346; x_wconf 86' lang='lat' dir='ltr'>post</span> <span class='ocrx_word' id='word_1_309' title='bbox 376 2317 495 2338; x_wconf 86' lang='lat' dir='ltr'>mortem</span> <span class='ocrx_word' id='word_1_310' title='bbox 514 2313 660 2344; x_wconf 87' lang='lat' dir='ltr'>scriptoris</span> <span class='ocrx_word' id='word_1_311' title='bbox 680 2312 769 2336; x_wconf 84' lang='lat' dir='ltr'>editas</span> <span class='ocrx_word' id='word_1_312' title='bbox 784 2318 860 2339; x_wconf 85' lang='lat' dir='ltr'>esse;</span> 
     </span>
     <span class='ocr_line' id='line_1_47' title="bbox 147 2346 861 2380; baseline -0.007 -6"><span class='ocrx_word' id='word_1_313' title='bbox 147 2355 240 2380; x_wconf 84' lang='lat' dir='ltr'>neque</span> <span class='ocrx_word' id='word_1_314' title='bbox 253 2349 355 2373; x_wconf 76' lang='lat' dir='ltr'>attinet</span> <span class='ocrx_word' id='word_1_315' title='bbox 368 2348 451 2372; x_wconf 86' lang='lat' dir='ltr'>hodie</span> <span class='ocrx_word' id='word_1_316' title='bbox 466 2354 514 2372; x_wconf 82' lang='lat' dir='ltr'>eos</span> <span class='ocrx_word' id='word_1_317' title='bbox 527 2348 662 2375; x_wconf 80' lang='lat' dir='ltr'>refutare,</span> <span class='ocrx_word' id='word_1_318' title='bbox 681 2347 727 2377; x_wconf 84' lang='lat' dir='ltr'>qui</span> <span class='ocrx_word' id='word_1_319' title='bbox 743 2346 861 2370; x_wconf 90' lang='lat' dir='ltr'>eundem</span> 
     </span>
     <span class='ocr_line' id='line_1_48' title="bbox 148 2379 851 2412; baseline -0.006 -5"><span class='ocrx_word' id='word_1_320' title='bbox 148 2383 343 2407; x_wconf 83' lang='lat' dir='ltr'>Ptolemaeum</span> <span class='ocrx_word' id='word_1_321' title='bbox 362 2383 452 2406; x_wconf 88' lang='lat' dir='ltr'>secuti</span> <span class='ocrx_word' id='word_1_322' title='bbox 472 2381 520 2412; x_wconf 86' lang='lat' dir='ltr'>(cf.</span> <span class='ocrx_word' id='word_1_323' title='bbox 535 2381 653 2405; x_wconf 85' lang='lat' dir='ltr'>Photius</span> <span class='ocrx_word' id='word_1_324' title='bbox 667 2380 685 2404; x_wconf 94' lang='lat' dir='ltr'>l.</span> <span class='ocrx_word' id='word_1_325' title='bbox 700 2381 719 2404; x_wconf 90' lang='lat' dir='ltr'>l.</span> <span class='ocrx_word' id='word_1_326' title='bbox 734 2387 761 2411; x_wconf 91' lang='lat' dir='ltr'>p.</span> <span class='ocrx_word' id='word_1_327' title='bbox 778 2379 851 2405; x_wconf 72' lang='lat' dir='ltr'>148b</span> 
     </span>
     <span class='ocr_line' id='line_1_49' title="bbox 149 2415 850 2457; baseline -0.004 -11"><span class='ocrx_word' id='word_1_328' title='bbox 149 2420 202 2446; x_wconf 80' lang='grc' dir='ltr'>καὶ</span> <span class='ocrx_word' id='word_1_329' title='bbox 217 2418 258 2450; x_wconf 83' lang='grc' dir='ltr'>ὡς</span> <span class='ocrx_word' id='word_1_330' title='bbox 272 2420 462 2457; x_wconf 74' lang='grc' dir='ltr'><em>Ιίλησίρροος</em></span> <span class='ocrx_word' id='word_1_331' title='bbox 481 2416 496 2445; x_wconf 85' lang='grc' dir='ltr'><strong>ὁ</strong></span> <span class='ocrx_word' id='word_1_332' title='bbox 511 2416 664 2448; x_wconf 73' lang='grc' dir='ltr'><em>Θεσσαλὸς</em></span> <span class='ocrx_word' id='word_1_333' title='bbox 683 2415 698 2444; x_wconf 80' lang='grc' dir='ltr'>ὁ</span> <span class='ocrx_word' id='word_1_334' title='bbox 712 2415 850 2453; x_wconf 73' lang='grc' dir='ltr'><em>ὑμιόγρά</em></span> 
     </span>
     <span class='ocr_line' id='line_1_50' title="bbox 151 2455 863 2497; baseline -0.004 -12"><span class='ocrx_word' id='word_1_335' title='bbox 151 2467 218 2496; x_wconf 63' lang='grc' dir='ltr'><em>(ρος,</em></span> <span class='ocrx_word' id='word_1_336' title='bbox 239 2457 388 2497; x_wconf 71' lang='grc' dir='ltr'><em>ἐρώμενος</em></span> <span class='ocrx_word' id='word_1_337' title='bbox 406 2456 535 2492; x_wconf 74' lang='grc' dir='ltr'><em>γεγονώς</em></span> <span class='ocrx_word' id='word_1_338' title='bbox 546 2455 707 2495; x_wconf 75' lang='grc' dir='ltr'><em>Ἡροδότου</em></span> <span class='ocrx_word' id='word_1_339' title='bbox 724 2457 775 2483; x_wconf 84' lang='grc' dir='ltr'>καὶ</span> <span class='ocrx_word' id='word_1_340' title='bbox 795 2457 863 2491; x_wconf 74' lang='grc' dir='ltr'>κλη-</span> 
     </span>
     <span class='ocr_line' id='line_1_51' title="bbox 150 2493 863 2537; baseline -0.003 -13"><span class='ocrx_word' id='word_1_341' title='bbox 150 2496 280 2537; x_wconf 68' lang='grc' dir='ltr'><em>ρονόμος</em></span> <span class='ocrx_word' id='word_1_342' title='bbox 293 2499 353 2524; x_wconf 82' lang='grc' dir='ltr'>τῶν</span> <span class='ocrx_word' id='word_1_343' title='bbox 369 2494 474 2528; x_wconf 83' lang='grc' dir='ltr'><em>αὐτοῦ,</em></span> <span class='ocrx_word' id='word_1_344' title='bbox 489 2493 577 2527; x_wconf 79' lang='grc' dir='ltr'><em>οὗτος</em></span> <span class='ocrx_word' id='word_1_345' title='bbox 589 2495 729 2530; x_wconf 82' lang='grc' dir='ltr'>ποιήσειε</span> <span class='ocrx_word' id='word_1_346' title='bbox 742 2494 775 2522; x_wconf 75' lang='grc' dir='ltr'>τὸ</span> <span class='ocrx_word' id='word_1_347' title='bbox 789 2504 863 2533; x_wconf 80' lang='grc' dir='ltr'><em>προ-</em></span> 
     </span>
     <span class='ocr_line' id='line_1_52' title="bbox 151 2533 863 2574; baseline -0.006 -9"><span class='ocrx_word' id='word_1_348' title='bbox 151 2540 254 2572; x_wconf 73' lang='grc' dir='ltr'><em>οίμιον</em></span> <span class='ocrx_word' id='word_1_349' title='bbox 268 2539 320 2572; x_wconf 79' lang='grc' dir='ltr'>τῆς</span> <span class='ocrx_word' id='word_1_350' title='bbox 333 2535 454 2574; x_wconf 73' lang='grc' dir='ltr'><em>πρώτης</em></span> <span class='ocrx_word' id='word_1_351' title='bbox 474 2536 611 2573; x_wconf 74' lang='grc' dir='ltr'><em>ἱστορίας</em></span> <span class='ocrx_word' id='word_1_352' title='bbox 621 2533 794 2574; x_wconf 77' lang='grc' dir='ltr'>Ἡροδότου)</span> <span class='ocrx_word' id='word_1_353' title='bbox 815 2544 863 2561; x_wconf 76' lang='lat' dir='ltr'>ex-</span> 
     </span>
     <span class='ocr_line' id='line_1_53' title="bbox 151 2577 864 2605; baseline -0.007 0"><span class='ocrx_word' id='word_1_354' title='bbox 151 2580 260 2605; x_wconf 89' lang='lat' dir='ltr'>ordium</span> <span class='ocrx_word' id='word_1_355' title='bbox 281 2585 338 2603; x_wconf 89' lang='lat' dir='ltr'>non</span> <span class='ocrx_word' id='word_1_356' title='bbox 358 2578 392 2602; x_wconf 93' lang='lat' dir='ltr'>ab</span> <span class='ocrx_word' id='word_1_357' title='bbox 411 2577 556 2602; x_wconf 82' lang='lat' dir='ltr'>Herodoto</span> <span class='ocrx_word' id='word_1_358' title='bbox 576 2577 625 2601; x_wconf 89' lang='lat' dir='ltr'>sed</span> <span class='ocrx_word' id='word_1_359' title='bbox 651 2577 684 2601; x_wconf 86' lang='lat' dir='ltr'>ab</span> <span class='ocrx_word' id='word_1_360' title='bbox 704 2577 864 2601; x_wconf 84' lang='lat' dir='ltr'>Plesirrhoo</span> 
     </span>
     <span class='ocr_line' id='line_1_54' title="bbox 151 2610 864 2645; baseline -0.007 -6"><span class='ocrx_word' id='word_1_361' title='bbox 151 2613 338 2645; x_wconf 86' lang='lat' dir='ltr'>compositum</span> <span class='ocrx_word' id='word_1_362' title='bbox 354 2618 415 2637; x_wconf 86' lang='lat' dir='ltr'>esse</span> <span class='ocrx_word' id='word_1_363' title='bbox 435 2614 602 2636; x_wconf 83' lang='lat' dir='ltr'>statuerent.</span> <span class='ocrx_word' id='word_1_364' title='bbox 635 2610 864 2635; x_wconf 82' lang='lat' dir='ltr'>Controversiam</span> 
     </span>
     <span class='ocr_line' id='line_1_55' title="bbox 151 2642 865 2677; baseline -0.008 -4"><span class='ocrx_word' id='word_1_365' title='bbox 151 2648 198 2673; x_wconf 89' lang='lat' dir='ltr'>diu</span> <span class='ocrx_word' id='word_1_366' title='bbox 218 2647 391 2677; x_wconf 83' lang='lat' dir='ltr'>multumque</span> <span class='ocrx_word' id='word_1_367' title='bbox 410 2646 439 2670; x_wconf 89' lang='lat' dir='ltr'>in</span> <span class='ocrx_word' id='word_1_368' title='bbox 466 2648 611 2675; x_wconf 80' lang='lat' dir='ltr'>utramque</span> <span class='ocrx_word' id='word_1_369' title='bbox 638 2647 744 2675; x_wconf 82' lang='lat' dir='ltr'>partem</span> <span class='ocrx_word' id='word_1_370' title='bbox 764 2642 865 2668; x_wconf 62' lang='lat' dir='ltr'>tracta-</span> 
     </span>
     <span class='ocr_line' id='line_1_56' title="bbox 150 2677 866 2711; baseline -0.007 -4"><span class='ocrx_word' id='word_1_371' title='bbox 150 2685 208 2707; x_wconf 78' lang='lat' dir='ltr'>tam</span> <span class='ocrx_word' id='word_1_372' title='bbox 236 2683 274 2706; x_wconf 84' lang='lat' dir='ltr'>ita</span> <span class='ocrx_word' id='word_1_373' title='bbox 300 2679 470 2711; x_wconf 78' lang='lat' dir='ltr'>disceptavit</span> <span class='ocrx_word' id='word_1_374' title='bbox 490 2679 653 2703; x_wconf 77' lang='lat' dir='ltr'>Nitzschius</span> <span class='ocrx_word' id='word_1_375' title='bbox 674 2677 721 2710; x_wconf 89' lang='lat' dir='ltr'>(de</span> <span class='ocrx_word' id='word_1_376' title='bbox 741 2684 866 2708; x_wconf 82' lang='lat' dir='ltr'>prooem.</span> 
     </span>
     <span class='ocr_line' id='line_1_57' title="bbox 149 2711 866 2746; baseline -0.008 -5"><span class='ocrx_word' id='word_1_377' title='bbox 149 2715 257 2742; x_wconf 81' lang='lat' dir='ltr'>Herod.</span> <span class='ocrx_word' id='word_1_378' title='bbox 273 2713 578 2746; x_wconf 71' lang='lat' dir='ltr'>Gryphiswald.1860&gt;‚</span> <span class='ocrx_word' id='word_1_379' title='bbox 595 2715 625 2736; x_wconf 90' lang='lat' dir='ltr'>ut</span> <span class='ocrx_word' id='word_1_380' title='bbox 633 2712 801 2736; x_wconf 70' lang='lat' dir='ltr'>barochium</span> <span class='ocrx_word' id='word_1_381' title='bbox 809 2711 866 2735; x_wconf 80' lang='lat' dir='ltr'>Mo-</span> 
     </span>
     <span class='ocr_line' id='line_1_58' title="bbox 150 2745 867 2779; baseline -0.008 -4"><span class='ocrx_word' id='word_1_382' title='bbox 150 2756 305 2775; x_wconf 80' lang='lat' dir='ltr'>nacensem</span> <span class='ocrx_word' id='word_1_383' title='bbox 319 2749 366 2779; x_wconf 89' lang='lat' dir='ltr'>qui</span> <span class='ocrx_word' id='word_1_384' title='bbox 381 2748 409 2772; x_wconf 92' lang='lat' dir='ltr'>in</span> <span class='ocrx_word' id='word_1_385' title='bbox 424 2747 526 2771; x_wconf 85' lang='lat' dir='ltr'>Philol.</span> <span class='ocrx_word' id='word_1_386' title='bbox 536 2746 601 2771; x_wconf 66' lang='grc' dir='ltr'>ΚΝ</span> <span class='ocrx_word' id='word_1_387' title='bbox 615 2747 629 2771; x_wconf 85' lang='grc'><strong>2</strong></span> <span class='ocrx_word' id='word_1_388' title='bbox 644 2747 818 2777; x_wconf 85' lang='lat' dir='ltr'>prooemium</span> <span class='ocrx_word' id='word_1_389' title='bbox 834 2745 867 2769; x_wconf 89' lang='lat' dir='ltr'>ab</span> 
     </span>
     <span class='ocr_line' id='line_1_59' title="bbox 150 2780 866 2808; baseline -0.007 1"><span class='ocrx_word' id='word_1_390' title='bbox 150 2783 295 2808; x_wconf 81' lang='lat' dir='ltr'>Herodoto</span> <span class='ocrx_word' id='word_1_391' title='bbox 321 2781 539 2806; x_wconf 81' lang='lat' dir='ltr'>abiudicandum</span> <span class='ocrx_word' id='word_1_392' title='bbox 571 2786 632 2805; x_wconf 82' lang='lat' dir='ltr'>esse</span> <span class='ocrx_word' id='word_1_393' title='bbox 664 2780 866 2807; x_wconf 72' lang='lat' dir='ltr'>existimasset,</span> 
     </span>
     <span class='ocr_line' id='line_1_60' title="bbox 151 2814 673 2847; baseline -0.01 -3"><span class='ocrx_word' id='word_1_394' title='bbox 151 2817 320 2843; x_wconf 79' lang='lat' dir='ltr'>firmissimis</span> <span class='ocrx_word' id='word_1_395' title='bbox 335 2815 507 2847; x_wconf 81' lang='lat' dir='ltr'>argumentis</span> <span class='ocrx_word' id='word_1_396' title='bbox 520 2814 673 2840; x_wconf 79' lang='lat' dir='ltr'>refelleret.</span> 
     </span>
    </p>
   </div>
   <div class='ocr_carea' id='block_1_7' title="bbox 874 1037 1607 2847">
    <p class='ocr_par' dir='ltr' id='par_1_8' title="bbox 874 1037 1607 1434">
     <span class='ocr_line' id='line_1_61' title="bbox 875 1037 1601 1088; baseline 0.003 -18"><span class='ocrx_word' id='word_1_397' title='bbox 875 1047 1037 1088; x_wconf 56' lang='lat' dir='ltr'>goperum</span> <span class='ocrx_word' id='word_1_398' title='bbox 1061 1037 1186 1071; x_wconf 85' lang='lat' dir='ltr'>titulos</span> <span class='ocrx_word' id='word_1_399' title='bbox 1209 1037 1315 1072; x_wconf 85' lang='lat' dir='ltr'>affert</span> <span class='ocrx_word' id='word_1_400' title='bbox 1331 1037 1464 1072; x_wconf 83' lang='lat' dir='ltr'>Baehr.</span> <span class='ocrx_word' id='word_1_401' title='bbox 1483 1039 1506 1072; x_wconf 89' lang='lat'>1.</span> <span class='ocrx_word' id='word_1_402' title='bbox 1525 1039 1548 1072; x_wconf 92' lang='lat' dir='ltr'>l.</span> <span class='ocrx_word' id='word_1_403' title='bbox 1565 1051 1601 1083; x_wconf 84' lang='lat' dir='ltr'>p.</span> 
     </span>
     <span class='ocr_line' id='line_1_62' title="bbox 887 1081 1603 1127; baseline 0.003 -11"><span class='ocrx_word' id='word_1_404' title='bbox 887 1082 974 1125; x_wconf 78' lang='lat'>458,</span> <span class='ocrx_word' id='word_1_405' title='bbox 1006 1082 1067 1126; x_wconf 85' lang='lat' dir='ltr'>qui</span> <span class='ocrx_word' id='word_1_406' title='bbox 1093 1081 1354 1127; x_wconf 88' lang='lat' dir='ltr'>Cephalionem</span> <span class='ocrx_word' id='word_1_407' title='bbox 1376 1094 1495 1118; x_wconf 84' lang='lat' dir='ltr'>rerum</span> <span class='ocrx_word' id='word_1_408' title='bbox 1519 1085 1603 1118; x_wconf 90' lang='lat' dir='ltr'>scri-</span> 
     </span>
     <span class='ocr_line' id='line_1_63' title="bbox 888 1127 1607 1172; baseline 0.004 -12"><span class='ocrx_word' id='word_1_409' title='bbox 888 1133 1029 1172; x_wconf 89' lang='lat' dir='ltr'>ptorem</span> <span class='ocrx_word' id='word_1_410' title='bbox 1057 1127 1237 1162; x_wconf 85' lang='lat' dir='ltr'>Hadriani</span> <span class='ocrx_word' id='word_1_411' title='bbox 1266 1132 1386 1162; x_wconf 86' lang='lat' dir='ltr'>aetate</span> <span class='ocrx_word' id='word_1_412' title='bbox 1415 1129 1607 1163; x_wconf 85' lang='lat' dir='ltr'>florentem</span> 
     </span>
     <span class='ocr_line' id='line_1_64' title="bbox 888 1172 1604 1209; baseline 0.003 -3"><span class='ocrx_word' id='word_1_413' title='bbox 888 1172 1061 1206; x_wconf 82' lang='lat' dir='ltr'>historiae</span> <span class='ocrx_word' id='word_1_414' title='bbox 1075 1173 1186 1207; x_wconf 88' lang='lat' dir='ltr'>libros</span> <span class='ocrx_word' id='word_1_415' title='bbox 1200 1173 1386 1207; x_wconf 78' lang='lat' dir='ltr'>Musarum</span> <span class='ocrx_word' id='word_1_416' title='bbox 1398 1175 1604 1209; x_wconf 82' lang='lat' dir='ltr'>nominibus</span> 
     </span>
     <span class='ocr_line' id='line_1_65' title="bbox 875 1217 1602 1263; baseline 0.004 -13"><span class='ocrx_word' id='word_1_417' title='bbox 875 1217 1118 1263; x_wconf 44' lang='lat' dir='ltr'>¹insignivisse</span> <span class='ocrx_word' id='word_1_418' title='bbox 1136 1218 1230 1253; x_wconf 86' lang='lat' dir='ltr'>bene</span> <span class='ocrx_word' id='word_1_419' title='bbox 1249 1219 1371 1261; x_wconf 67' lang='lat' dir='ltr'>docet3</span> <span class='ocrx_word' id='word_1_420' title='bbox 1389 1230 1433 1253; x_wconf 84' lang='lat' dir='ltr'>ae</span> <span class='ocrx_word' id='word_1_421' title='bbox 1445 1219 1602 1257; x_wconf 81' lang='lat' dir='ltr'>fuerunt.</span> 
     </span>
     <span class='ocr_line' id='line_1_66' title="bbox 875 1263 1603 1299; baseline 0.004 -3"><span class='ocrx_word' id='word_1_422' title='bbox 875 1273 876 1278; x_wconf 60' lang='lat'>¹</span> <span class='ocrx_word' id='word_1_423' title='bbox 912 1263 949 1297; x_wconf 90' lang='lat' dir='ltr'>ui</span> <span class='ocrx_word' id='word_1_424' title='bbox 988 1264 1104 1297; x_wconf 82' lang='lat' dir='ltr'>tribus</span> <span class='ocrx_word' id='word_1_425' title='bbox 1142 1264 1336 1298; x_wconf 80' lang='lat' dir='ltr'>Aeschinis</span> <span class='ocrx_word' id='word_1_426' title='bbox 1380 1265 1603 1299; x_wconf 83' lang='lat' dir='ltr'>orationibus</span> 
     </span>
     <span class='ocr_line' id='line_1_67' title="bbox 874 1308 1604 1354; baseline 0.004 -13"><span class='ocrx_word' id='word_1_427' title='bbox 874 1333 875 1336; x_wconf 20' lang='grc' dir='ltr'>η</span> <span class='ocrx_word' id='word_1_428' title='bbox 910 1308 1116 1352; x_wconf 78' lang='lat' dir='ltr'>&#39;ratiarum,</span> <span class='ocrx_word' id='word_1_429' title='bbox 1140 1319 1268 1343; x_wconf 86' lang='lat' dir='ltr'>novem</span> <span class='ocrx_word' id='word_1_430' title='bbox 1295 1310 1458 1354; x_wconf 81' lang='lat' dir='ltr'>epistulis</span> <span class='ocrx_word' id='word_1_431' title='bbox 1483 1310 1604 1344; x_wconf 82' lang='lat' dir='ltr'>Musa-</span> 
     </span>
     <span class='ocr_line' id='line_1_68' title="bbox 886 1354 1602 1399; baseline 0.003 -12"><span class='ocrx_word' id='word_1_432' title='bbox 886 1365 964 1388; x_wconf 88' lang='lat' dir='ltr'>rum</span> <span class='ocrx_word' id='word_1_433' title='bbox 981 1354 1207 1399; x_wconf 89' lang='lat' dir='ltr'>imponerent</span> <span class='ocrx_word' id='word_1_434' title='bbox 1224 1355 1380 1389; x_wconf 83' lang='lat' dir='ltr'>nomina.</span> <span class='ocrx_word' id='word_1_435' title='bbox 1425 1355 1478 1390; x_wconf 86' lang='lat' dir='ltr'>Cf.</span> <span class='ocrx_word' id='word_1_436' title='bbox 1494 1356 1602 1389; x_wconf 87' lang='lat' dir='ltr'>Phot.</span> 
     </span>
     <span class='ocr_line' id='line_1_69' title="bbox 888 1400 992 1434; baseline -0.01 0"><span class='ocrx_word' id='word_1_437' title='bbox 888 1410 917 1434; x_wconf 88' lang='lat' dir='ltr'>e.</span> <span class='ocrx_word' id='word_1_438' title='bbox 937 1400 992 1433; x_wconf 82' lang='grc'>61.</span> 
     </span>
    </p>

    <p class='ocr_par' dir='ltr' id='par_1_9' title="bbox 886 1444 1605 2847">
     <span class='ocr_line' id='line_1_70' title="bbox 931 1444 1602 1490; baseline 0.003 -12"><span class='ocrx_word' id='word_1_439' title='bbox 931 1444 1069 1479; x_wconf 78' lang='lat' dir='ltr'>Verum</span> <span class='ocrx_word' id='word_1_440' title='bbox 1082 1448 1121 1479; x_wconf 87' lang='lat' dir='ltr'>ut</span> <span class='ocrx_word' id='word_1_441' title='bbox 1135 1445 1181 1479; x_wconf 87' lang='lat' dir='ltr'>ad</span> <span class='ocrx_word' id='word_1_442' title='bbox 1195 1445 1327 1490; x_wconf 86' lang='lat' dir='ltr'>priora,</span> <span class='ocrx_word' id='word_1_443' title='bbox 1345 1446 1441 1480; x_wconf 88' lang='lat' dir='ltr'>unde</span> <span class='ocrx_word' id='word_1_444' title='bbox 1457 1458 1535 1480; x_wconf 88' lang='lat' dir='ltr'>sum</span> <span class='ocrx_word' id='word_1_445' title='bbox 1550 1447 1602 1480; x_wconf 92' lang='lat' dir='ltr'>di·</span> 
     </span>
     <span class='ocr_line' id='line_1_71' title="bbox 887 1492 1603 1536; baseline 0.004 -13"><span class='ocrx_word' id='word_1_446' title='bbox 887 1501 1048 1535; x_wconf 83' lang='lat' dir='ltr'>gressus,</span> <span class='ocrx_word' id='word_1_447' title='bbox 1072 1494 1249 1533; x_wconf 82' lang='lat' dir='ltr'>revertar,</span> <span class='ocrx_word' id='word_1_448' title='bbox 1269 1492 1494 1536; x_wconf 81' lang='lat' dir='ltr'>grammatici</span> <span class='ocrx_word' id='word_1_449' title='bbox 1518 1493 1603 1526; x_wconf 73' lang='lat' dir='ltr'>Ale-</span> 
     </span>
     <span class='ocr_line' id='line_1_72' title="bbox 886 1535 1602 1581; baseline 0.003 -12"><span class='ocrx_word' id='word_1_450' title='bbox 886 1535 1054 1569; x_wconf 77' lang='lat' dir='ltr'>xandrini</span> <span class='ocrx_word' id='word_1_451' title='bbox 1079 1536 1266 1581; x_wconf 80' lang='lat' dir='ltr'>egregiam</span> <span class='ocrx_word' id='word_1_452' title='bbox 1289 1537 1451 1581; x_wconf 87' lang='lat' dir='ltr'>posuisse</span> <span class='ocrx_word' id='word_1_453' title='bbox 1480 1537 1602 1571; x_wconf 75' lang='lat' dir='ltr'>viden-</span> 
     </span>
     <span class='ocr_line' id='line_1_73' title="bbox 887 1581 1603 1626; baseline 0.003 -12"><span class='ocrx_word' id='word_1_454' title='bbox 887 1585 946 1614; x_wconf 86' lang='lat' dir='ltr'>tur</span> <span class='ocrx_word' id='word_1_455' title='bbox 969 1592 1117 1626; x_wconf 82' lang='lat' dir='ltr'>operam</span> <span class='ocrx_word' id='word_1_456' title='bbox 1139 1592 1211 1614; x_wconf 89' lang='lat' dir='ltr'>nou</span> <span class='ocrx_word' id='word_1_457' title='bbox 1234 1581 1349 1615; x_wconf 89' lang='lat' dir='ltr'>solum</span> <span class='ocrx_word' id='word_1_458' title='bbox 1369 1582 1408 1616; x_wconf 89' lang='lat' dir='ltr'>in</span> <span class='ocrx_word' id='word_1_459' title='bbox 1424 1582 1603 1616; x_wconf 85' lang='lat' dir='ltr'>Herodoti</span> 
     </span>
     <span class='ocr_line' id='line_1_74' title="bbox 887 1626 1602 1669; baseline 0.004 -10"><span class='ocrx_word' id='word_1_460' title='bbox 887 1626 1007 1660; x_wconf 85' lang='lat' dir='ltr'>verbis</span> <span class='ocrx_word' id='word_1_461' title='bbox 1020 1627 1264 1660; x_wconf 87' lang='lat' dir='ltr'>recensendis.</span> <span class='ocrx_word' id='word_1_462' title='bbox 1275 1627 1521 1669; x_wconf 79' lang='lat' dir='ltr'>emendandis,</span> <span class='ocrx_word' id='word_1_463' title='bbox 1537 1628 1602 1662; x_wconf 90' lang='lat' dir='ltr'>sed</span> 
     </span>
     <span class='ocr_line' id='line_1_75' title="bbox 889 1671 1602 1707; baseline 0.004 -3"><span class='ocrx_word' id='word_1_464' title='bbox 889 1671 998 1705; x_wconf 85' lang='lat' dir='ltr'>etiam</span> <span class='ocrx_word' id='word_1_465' title='bbox 1014 1671 1052 1705; x_wconf 92' lang='lat' dir='ltr'>in</span> <span class='ocrx_word' id='word_1_466' title='bbox 1064 1671 1277 1705; x_wconf 89' lang='lat' dir='ltr'>illustrando</span> <span class='ocrx_word' id='word_1_467' title='bbox 1291 1683 1359 1705; x_wconf 90' lang='lat' dir='ltr'>usu</span> <span class='ocrx_word' id='word_1_468' title='bbox 1371 1673 1515 1707; x_wconf 88' lang='lat' dir='ltr'>dicendi</span> <span class='ocrx_word' id='word_1_469' title='bbox 1529 1673 1602 1707; x_wconf 89' lang='lat' dir='ltr'>He-</span> 
     </span>
     <span class='ocr_line' id='line_1_76' title="bbox 888 1716 1602 1762; baseline 0.003 -12"><span class='ocrx_word' id='word_1_470' title='bbox 888 1717 1035 1750; x_wconf 88' lang='lat' dir='ltr'>rodoteo</span> <span class='ocrx_word' id='word_1_471' title='bbox 1053 1720 1162 1760; x_wconf 86' lang='lat' dir='ltr'>atque</span> <span class='ocrx_word' id='word_1_472' title='bbox 1186 1716 1221 1749; x_wconf 91' lang='lat' dir='ltr'>in</span> <span class='ocrx_word' id='word_1_473' title='bbox 1246 1717 1470 1762; x_wconf 82' lang='lat' dir='ltr'>explicandis</span> <span class='ocrx_word' id='word_1_474' title='bbox 1493 1718 1602 1752; x_wconf 87' lang='lat' dir='ltr'>rebus</span> 
     </span>
     <span class='ocr_line' id='line_1_77' title="bbox 888 1761 1602 1797; baseline 0.003 -2"><span class='ocrx_word' id='word_1_475' title='bbox 888 1762 934 1795; x_wconf 88' lang='lat' dir='ltr'>ab</span> <span class='ocrx_word' id='word_1_476' title='bbox 953 1761 1138 1795; x_wconf 88' lang='lat' dir='ltr'>Herodoto</span> <span class='ocrx_word' id='word_1_477' title='bbox 1155 1761 1309 1795; x_wconf 86' lang='lat' dir='ltr'>traditis.</span> <span class='ocrx_word' id='word_1_478' title='bbox 1353 1761 1463 1797; x_wconf 89' lang='lat' dir='ltr'>Cuius</span> <span class='ocrx_word' id='word_1_479' title='bbox 1480 1763 1533 1797; x_wconf 90' lang='lat' dir='ltr'>rei</span> <span class='ocrx_word' id='word_1_480' title='bbox 1549 1763 1602 1797; x_wconf 91' lang='lat' dir='ltr'>lu-</span> 
     </span>
     <span class='ocr_line' id='line_1_78' title="bbox 890 1807 1602 1852; baseline 0.003 -12"><span class='ocrx_word' id='word_1_481' title='bbox 890 1807 1072 1841; x_wconf 87' lang='lat' dir='ltr'>culentum</span> <span class='ocrx_word' id='word_1_482' title='bbox 1095 1811 1211 1841; x_wconf 82' lang='lat' dir='ltr'>exstat.</span> <span class='ocrx_word' id='word_1_483' title='bbox 1226 1807 1300 1841; x_wconf 89' lang='lat' dir='ltr'>Por</span> <span class='ocrx_word' id='word_1_484' title='bbox 1327 1807 1424 1852; x_wconf 88' lang='lat' dir='ltr'>hyrii</span> <span class='ocrx_word' id='word_1_485' title='bbox 1441 1809 1602 1842; x_wconf 87' lang='lat' dir='ltr'>testimo-</span> 
     </span>
     <span class='ocr_line' id='line_1_79' title="bbox 887 1819 1601 1895; baseline 0.003 -10"><span class='ocrx_word' id='word_1_486' title='bbox 887 1852 997 1895; x_wconf 91' lang='lat' dir='ltr'>nium,</span> <span class='ocrx_word' id='word_1_487' title='bbox 1017 1851 1068 1886; x_wconf 86' lang='lat' dir='ltr'>sic</span> <span class='ocrx_word' id='word_1_488' title='bbox 1089 1852 1279 1886; x_wconf 86' lang='lat' dir='ltr'>scribentis</span> <span class='ocrx_word' id='word_1_489' title='bbox 1300 1819 1446 1893; x_wconf 51' lang='grc' dir='ltr'>διωθεῖ.</span> <span class='ocrx_word' id='word_1_490' title='bbox 1467 1853 1601 1888; x_wconf 88' lang='lat' dir='ltr'>Home-</span> 
     </span>
     <span class='ocr_line' id='line_1_80' title="bbox 887 1897 1600 1942; baseline 0.003 -12"><span class='ocrx_word' id='word_1_491' title='bbox 887 1897 1039 1931; x_wconf 80' lang='lat' dir='ltr'>ric.c.8:</span> <span class='ocrx_word' id='word_1_492' title='bbox 1059 1901 1102 1929; x_wconf 72' lang='grc' dir='ltr'>ἐν</span> <span class='ocrx_word' id='word_1_493' title='bbox 1120 1901 1213 1932; x_wconf 73' lang='grc' dir='ltr'><em>τοῖς</em></span> <span class='ocrx_word' id='word_1_494' title='bbox 1230 1897 1480 1941; x_wconf 68' lang='grc' dir='ltr'><em>Φιλήμονος</em></span> <span class='ocrx_word' id='word_1_495' title='bbox 1499 1913 1600 1942; x_wconf 81' lang='grc' dir='ltr'><em>συμ-</em></span> 
     </span>
     <span class='ocr_line' id='line_1_81' title="bbox 888 1941 1602 1988; baseline 0.006 -14"><span class='ocrx_word' id='word_1_496' title='bbox 888 1947 1060 1984; x_wconf 79' lang='grc' dir='ltr'><em>μίκτοις</em></span> <span class='ocrx_word' id='word_1_497' title='bbox 1076 1941 1474 1986; x_wconf 32' lang='grc' dir='ltr'><em>περὶῖΗροδοτειόυ</em></span> <span class='ocrx_word' id='word_1_498' title='bbox 1490 1943 1602 1988; x_wconf 76' lang='grc' dir='ltr'><em>διορ-</em></span> 
     </span>
     <span class='ocr_line' id='line_1_82' title="bbox 891 1987 1603 2036; baseline 0.004 -15"><span class='ocrx_word' id='word_1_499' title='bbox 891 1988 1101 2031; x_wconf 48' lang='lat' dir='ltr'>&amp;cristatos</span> <span class='ocrx_word' id='word_1_500' title='bbox 1132 1989 1150 2021; x_wconf 85' lang='grc' dir='ltr'><em>ὁ</em></span> <span class='ocrx_word' id='word_1_501' title='bbox 1175 1988 1421 2033; x_wconf 75' lang='grc' dir='ltr'><em>γραμματικὸς</em></span> <span class='ocrx_word' id='word_1_502' title='bbox 1444 1987 1603 2036; x_wconf 63' lang='grc' dir='ltr'><em>διαλεγό-</em></span> 
     </span>
     <span class='ocr_line' id='line_1_83' title="bbox 887 2031 1603 2078; baseline 0.004 -13"><span class='ocrx_word' id='word_1_503' title='bbox 887 2046 993 2074; x_wconf 75' lang='grc' dir='ltr'><em>μενος</em></span> <span class='ocrx_word' id='word_1_504' title='bbox 1012 2035 1179 2076; x_wconf 77' lang='grc' dir='ltr'><em>πειρᾶται</em></span> <span class='ocrx_word' id='word_1_505' title='bbox 1193 2037 1252 2066; x_wconf 78' lang='grc' dir='ltr'>καὶ</span> <span class='ocrx_word' id='word_1_506' title='bbox 1265 2031 1430 2078; x_wconf 62' lang='grc' dir='ltr'>Ὁμηρικοὶ</span> <span class='ocrx_word' id='word_1_507' title='bbox 1445 2048 1526 2068; x_wconf 72' lang='grc' dir='ltr'><em>τινα</em></span> <span class='ocrx_word' id='word_1_508' title='bbox 1541 2048 1603 2068; x_wconf 82' lang='grc' dir='ltr'>σα-</span> 
     </span>
     <span class='ocr_line' id='line_1_84' title="bbox 888 2077 1603 2123; baseline 0.004 -13"><span class='ocrx_word' id='word_1_509' title='bbox 888 2080 1059 2122; x_wconf 64' lang='grc' dir='ltr'><em>φηνίζειν,</em></span> <span class='ocrx_word' id='word_1_510' title='bbox 1094 2077 1202 2112; x_wconf 73' lang='grc' dir='ltr'><em>οὐδὲν</em></span> <span class='ocrx_word' id='word_1_511' title='bbox 1231 2077 1269 2112; x_wconf 72' lang='grc' dir='ltr'>δὲ</span> <span class='ocrx_word' id='word_1_512' title='bbox 1295 2083 1419 2123; x_wconf 77' lang='grc' dir='ltr'><em>χεῖρον</em></span> <span class='ocrx_word' id='word_1_513' title='bbox 1447 2084 1506 2113; x_wconf 81' lang='grc' dir='ltr'>καὶ</span> <span class='ocrx_word' id='word_1_514' title='bbox 1535 2080 1603 2114; x_wconf 84' lang='grc' dir='ltr'>τὸν</span> 
     </span>
     <span class='ocr_line' id='line_1_85' title="bbox 888 2122 1603 2168; baseline 0.003 -11"><span class='ocrx_word' id='word_1_515' title='bbox 888 2122 1085 2167; x_wconf 76' lang='grc' dir='ltr'><em>Ἡρόδοτον</em></span> <span class='ocrx_word' id='word_1_516' title='bbox 1109 2123 1278 2168; x_wconf 69' lang='grc' dir='ltr'>φιλοῦντί</span> <span class='ocrx_word' id='word_1_517' title='bbox 1307 2137 1362 2158; x_wconf 86' lang='grc' dir='ltr'>σοι</span> <span class='ocrx_word' id='word_1_518' title='bbox 1384 2124 1451 2167; x_wconf 79' lang='grc' dir='ltr'>τὴν</span> <span class='ocrx_word' id='word_1_519' title='bbox 1480 2128 1603 2159; x_wconf 77' lang='grc' dir='ltr'><em>πᾶσαν</em></span> 
     </span>
     <span class='ocr_line' id='line_1_86' title="bbox 887 2167 1603 2216; baseline 0.004 -14"><span class='ocrx_word' id='word_1_520' title='bbox 887 2171 951 2203; x_wconf 85' lang='grc' dir='ltr'><em>τοῦ</em></span> <span class='ocrx_word' id='word_1_521' title='bbox 969 2167 1101 2212; x_wconf 70' lang='grc' dir='ltr'><em>ἀνδρὸς</em></span> <span class='ocrx_word' id='word_1_522' title='bbox 1115 2169 1322 2214; x_wconf 69' lang='grc' dir='ltr'><em>ἀναγράψαι</em></span> <span class='ocrx_word' id='word_1_523' title='bbox 1338 2170 1489 2211; x_wconf 68' lang='grc' dir='ltr'>ζήτησιν.</span> <span class='ocrx_word' id='word_1_524' title='bbox 1516 2175 1603 2216; x_wconf 67' lang='grc' dir='ltr'>φησὶ</span> 
     </span>
     <span class='ocr_line' id='line_1_87' title="bbox 886 2211 1602 2261; baseline 0.001 -13"><span class='ocrx_word' id='word_1_525' title='bbox 886 2214 954 2261; x_wconf 70' lang='grc' dir='ltr'>γὰρ</span> <span class='ocrx_word' id='word_1_526' title='bbox 973 2211 1029 2248; x_wconf 75' lang='grc' dir='ltr'>ὅτι</span> <span class='ocrx_word' id='word_1_527' title='bbox 1047 2217 1086 2246; x_wconf 79' lang='grc' dir='ltr'>ἐν</span> <span class='ocrx_word' id='word_1_528' title='bbox 1103 2217 1144 2260; x_wconf 74' lang='grc' dir='ltr'>τῇ</span> <span class='ocrx_word' id='word_1_529' title='bbox 1165 2215 1291 2260; x_wconf 78' lang='grc' dir='ltr'><em>πρώτῃ</em></span> <span class='ocrx_word' id='word_1_530' title='bbox 1309 2212 1503 2259; x_wconf 72' lang='grc' dir='ltr'><em>Ἡρόδοτος</em></span> <span class='ocrx_word' id='word_1_531' title='bbox 1525 2220 1602 2250; x_wconf 77' lang='grc' dir='ltr'>τῶν</span> 
     </span>
     <span class='ocr_line' id='line_1_88' title="bbox 888 2260 1600 2303; baseline 0.003 -10"><span class='ocrx_word' id='word_1_532' title='bbox 888 2261 1060 2302; x_wconf 78' lang='grc' dir='ltr'><em>ἱστοριῶν</em></span> <span class='ocrx_word' id='word_1_533' title='bbox 1086 2263 1169 2302; x_wconf 75' lang='grc' dir='ltr'><strong><em>περὶ</em></strong></span> <span class='ocrx_word' id='word_1_534' title='bbox 1191 2264 1351 2303; x_wconf 73' lang='grc' dir='ltr'><em>Κροίσου</em></span> <span class='ocrx_word' id='word_1_535' title='bbox 1381 2263 1446 2294; x_wconf 81' lang='grc' dir='ltr'><em>τοῦ</em></span> <span class='ocrx_word' id='word_1_536' title='bbox 1471 2260 1600 2295; x_wconf 79' lang='grc' dir='ltr'><em>Λυδοῦ</em></span> 
     </span>
     <span class='ocr_line' id='line_1_89' title="bbox 890 2303 1602 2347; baseline 0.004 -10"><span class='ocrx_word' id='word_1_537' title='bbox 890 2304 1004 2338; x_wconf 69' lang='grc' dir='ltr'><em>πολλά</em></span> <span class='ocrx_word' id='word_1_538' title='bbox 1028 2318 1067 2337; x_wconf 78' lang='grc' dir='ltr'>τε</span> <span class='ocrx_word' id='word_1_539' title='bbox 1085 2303 1169 2337; x_wconf 70' lang='grc' dir='ltr'>ἄλλα</span> <span class='ocrx_word' id='word_1_540' title='bbox 1188 2304 1378 2338; x_wconf 72' lang='grc' dir='ltr'><em>διείλεκται</em></span> <span class='ocrx_word' id='word_1_541' title='bbox 1402 2310 1461 2339; x_wconf 77' lang='grc' dir='ltr'>καὶ</span> <span class='ocrx_word' id='word_1_542' title='bbox 1482 2306 1524 2347; x_wconf 67' lang='grc' dir='ltr'>δὴ</span> <span class='ocrx_word' id='word_1_543' title='bbox 1541 2311 1602 2340; x_wconf 78' lang='grc' dir='ltr'>καὶ</span> 
     </span>
     <span class='ocr_line' id='line_1_90' title="bbox 889 2348 1602 2396; baseline 0.001 -12"><span class='ocrx_word' id='word_1_544' title='bbox 889 2348 944 2384; x_wconf 75' lang='grc' dir='ltr'>ὅτι</span> <span class='ocrx_word' id='word_1_545' title='bbox 977 2351 1268 2393; x_wconf 72' lang='grc' dir='ltr'><em>θεοσεβέστατός</em></span> <span class='ocrx_word' id='word_1_546' title='bbox 1301 2364 1338 2384; x_wconf 81' lang='grc' dir='ltr'>τε</span> <span class='ocrx_word' id='word_1_547' title='bbox 1366 2355 1510 2396; x_wconf 71' lang='grc' dir='ltr'><em>γένοιτο</em></span> <span class='ocrx_word' id='word_1_548' title='bbox 1540 2356 1602 2385; x_wconf 87' lang='grc' dir='ltr'>καὶ</span> 
     </span>
     <span class='ocr_line' id='line_1_91' title="bbox 888 2394 1602 2439; baseline 0.001 -10"><span class='ocrx_word' id='word_1_549' title='bbox 888 2394 1102 2439; x_wconf 73' lang='grc' dir='ltr'><em>διαπρεπῶς</em></span> <span class='ocrx_word' id='word_1_550' title='bbox 1139 2396 1296 2438; x_wconf 79' lang='grc' dir='ltr'>τιμήσειε</span> <span class='ocrx_word' id='word_1_551' title='bbox 1339 2409 1383 2428; x_wconf 80' lang='grc' dir='ltr'>τα</span> <span class='ocrx_word' id='word_1_552' title='bbox 1423 2395 1602 2437; x_wconf 70' lang='grc' dir='ltr'><em>Ἑλληνικὰ.</em></span> 
     </span>
     <span class='ocr_line' id='line_1_92' title="bbox 888 2439 1601 2484; baseline 0.003 -11"><span class='ocrx_word' id='word_1_553' title='bbox 888 2443 1038 2483; x_wconf 72' lang='grc' dir='ltr'><em>μαντεῖα</em></span> <span class='ocrx_word' id='word_1_554' title='bbox 1052 2440 1096 2472; x_wconf 77' lang='grc' dir='ltr'>τὰ</span> <span class='ocrx_word' id='word_1_555' title='bbox 1113 2443 1151 2473; x_wconf 69' lang='grc' dir='ltr'>ἐν</span> <span class='ocrx_word' id='word_1_556' title='bbox 1164 2439 1327 2484; x_wconf 72' lang='grc' dir='ltr'><em>Δελφοῖς,</em></span> <span class='ocrx_word' id='word_1_557' title='bbox 1342 2441 1387 2473; x_wconf 76' lang='grc' dir='ltr'>τὰ</span> <span class='ocrx_word' id='word_1_558' title='bbox 1402 2444 1441 2473; x_wconf 72' lang='grc' dir='ltr'>ἐν</span> <span class='ocrx_word' id='word_1_559' title='bbox 1456 2442 1601 2484; x_wconf 68' lang='grc' dir='ltr'><em>Θήβαις,</em></span> 
     </span>
     <span class='ocr_line' id='line_1_93' title="bbox 890 2484 1602 2530; baseline 0.004 -12"><span class='ocrx_word' id='word_1_560' title='bbox 890 2486 929 2519; x_wconf 84' lang='grc' dir='ltr'>τὸ</span> <span class='ocrx_word' id='word_1_561' title='bbox 944 2484 1213 2528; x_wconf 71' lang='grc' dir='ltr'><em>τοῦᾌμμωιός,</em></span> <span class='ocrx_word' id='word_1_562' title='bbox 1230 2484 1272 2518; x_wconf 83' lang='grc' dir='ltr'>τὸ</span> <span class='ocrx_word' id='word_1_563' title='bbox 1287 2485 1602 2530; x_wconf 70' lang='grc' dir='ltr'><em>τοῦᾎμφιαράσυ.</em></span> 
     </span>
     <span class='ocr_line' id='line_1_94' title="bbox 890 2528 1604 2577; baseline 0.001 -13"><span class='ocrx_word' id='word_1_564' title='bbox 890 2531 1032 2564; x_wconf 72' lang='grc' dir='ltr'><em>τούτων</em></span> <span class='ocrx_word' id='word_1_565' title='bbox 1055 2533 1122 2572; x_wconf 74' lang='grc' dir='ltr'>μὲν</span> <span class='ocrx_word' id='word_1_566' title='bbox 1145 2528 1187 2571; x_wconf 67' lang='grc' dir='ltr'>δι’]</span> <span class='ocrx_word' id='word_1_567' title='bbox 1210 2528 1326 2565; x_wconf 70' lang='grc' dir='ltr'><em>ἄλλοις</em></span> <span class='ocrx_word' id='word_1_568' title='bbox 1348 2530 1433 2564; x_wconf 69' lang='grc' dir='ltr'>ἀλλα</span> <span class='ocrx_word' id='word_1_569' title='bbox 1458 2535 1604 2577; x_wconf 74' lang='grc' dir='ltr'><em>πέμψαι</em></span> 
     </span>
     <span class='ocr_line' id='line_1_95' title="bbox 890 2573 1604 2624; baseline 0.001 -16"><span class='ocrx_word' id='word_1_570' title='bbox 890 2573 998 2618; x_wconf 75' lang='grc' dir='ltr'><strong><em>δῶρα.</em></strong></span> <span class='ocrx_word' id='word_1_571' title='bbox 1031 2573 1188 2616; x_wconf 69' lang='grc' dir='ltr'><em>ἀνέθηκε</em></span> <span class='ocrx_word' id='word_1_572' title='bbox 1206 2573 1248 2607; x_wconf 72' lang='grc' dir='ltr'>δέ</span> <span class='ocrx_word' id='word_1_573' title='bbox 1262 2589 1342 2608; x_wconf 67' lang='grc' dir='ltr'>τινα</span> <span class='ocrx_word' id='word_1_574' title='bbox 1356 2579 1416 2608; x_wconf 81' lang='grc' dir='ltr'>καὶ</span> <span class='ocrx_word' id='word_1_575' title='bbox 1430 2578 1470 2609; x_wconf 82' lang='grc' dir='ltr'>ἐν</span> <span class='ocrx_word' id='word_1_576' title='bbox 1482 2581 1604 2624; x_wconf 69' lang='grc' dir='ltr'><em>Βραγ-</em></span> 
     </span>
     <span class='ocr_line' id='line_1_96' title="bbox 888 2619 1605 2668; baseline 0.003 -15"><span class='ocrx_word' id='word_1_577' title='bbox 888 2619 1004 2666; x_wconf 70' lang='grc' dir='ltr'><em>χίδῃσι</em></span> <span class='ocrx_word' id='word_1_578' title='bbox 1021 2622 1119 2665; x_wconf 81' lang='grc' dir='ltr'>τῇσι</span> <span class='ocrx_word' id='word_1_579' title='bbox 1135 2619 1320 2660; x_wconf 60' lang='lat' dir='ltr'>Mchsoc&#39;wv</span> <span class='ocrx_word' id='word_1_580' title='bbox 1337 2620 1368 2661; x_wconf 90' lang='lat' dir='ltr'>(I</span> <span class='ocrx_word' id='word_1_581' title='bbox 1385 2620 1441 2664; x_wconf 79' lang='lat'>92)</span> <span class='ocrx_word' id='word_1_582' title='bbox 1464 2626 1523 2654; x_wconf 82' lang='grc' dir='ltr'>καὶ</span> <span class='ocrx_word' id='word_1_583' title='bbox 1545 2626 1605 2668; x_wconf 75' lang='grc' dir='ltr'>γε’-</span> 
     </span>
     <span class='ocr_line' id='line_1_97' title="bbox 891 2663 1604 2710; baseline 0.006 -13"><span class='ocrx_word' id='word_1_584' title='bbox 891 2678 1050 2710; x_wconf 74' lang='grc' dir='ltr'>γραετται</span> <span class='ocrx_word' id='word_1_585' title='bbox 1074 2663 1117 2707; x_wconf 79' lang='grc' dir='ltr'>δὴ</span> <span class='ocrx_word' id='word_1_586' title='bbox 1140 2665 1229 2698; x_wconf 77' lang='grc' dir='ltr'><strong><em>κατὰ</em></strong></span> <span class='ocrx_word' id='word_1_587' title='bbox 1261 2665 1382 2699; x_wconf 65' lang='grc' dir='ltr'><em>πάντα</em></span> <span class='ocrx_word' id='word_1_588' title='bbox 1411 2665 1534 2702; x_wconf 68' lang='grc' dir='ltr'><em>ἁπλῶς</em></span> <span class='ocrx_word' id='word_1_589' title='bbox 1557 2667 1604 2701; x_wconf 78' lang='grc' dir='ltr'>τὰ</span> 
     </span>
     <span class='ocr_line' id='line_1_98' title="bbox 891 2708 1605 2756; baseline 0.006 -14"><span class='ocrx_word' id='word_1_590' title='bbox 891 2710 1094 2756; x_wconf 67' lang='grc' dir='ltr'><em>ἀντίγραφα</em></span> <span class='ocrx_word' id='word_1_591' title='bbox 1124 2709 1165 2743; x_wconf 83' lang='grc' dir='ltr'>τὸ</span> <span class='ocrx_word' id='word_1_592' title='bbox 1189 2713 1260 2750; x_wconf 81' lang='grc' dir='ltr'>τῆς</span> <span class='ocrx_word' id='word_1_593' title='bbox 1283 2708 1428 2754; x_wconf 67' lang='grc' dir='ltr'><em>ἄρθρον</em></span> <span class='ocrx_word' id='word_1_594' title='bbox 1457 2711 1522 2745; x_wconf 64' lang='grc' dir='ltr'>σὺν</span> <span class='ocrx_word' id='word_1_595' title='bbox 1548 2716 1605 2756; x_wconf 78' lang='grc' dir='ltr'>τῷ</span> 
     </span>
     <span class='ocr_line' id='line_1_99' title="bbox 893 2754 1604 2799; baseline 0.004 -11"><span class='ocrx_word' id='word_1_596' title='bbox 893 2757 982 2788; x_wconf 82' lang='grc' dir='ltr'><em>ἰῶτα</em></span> <span class='ocrx_word' id='word_1_597' title='bbox 1002 2754 1249 2799; x_wconf 72' lang='grc' dir='ltr'><em>ἰσοδυναμοῦν</em></span> <span class='ocrx_word' id='word_1_598' title='bbox 1265 2759 1317 2798; x_wconf 77' lang='grc' dir='ltr'>τῷ</span> <span class='ocrx_word' id='word_1_599' title='bbox 1335 2760 1439 2792; x_wconf 81' lang='grc' dir='ltr'><strong><em>ταῖς.</em></strong></span> <span class='ocrx_word' id='word_1_600' title='bbox 1470 2756 1604 2791; x_wconf 50' lang='lat' dir='ltr'>ostilia</span> 
     </span>
     <span class='ocr_line' id='line_1_100' title="bbox 891 2799 1605 2847; baseline 0.006 -13"><span class='ocrx_word' id='word_1_601' title='bbox 891 2813 930 2847; x_wconf 72' lang='lat' dir='ltr'>ys</span> <span class='ocrx_word' id='word_1_602' title='bbox 947 2800 1016 2844; x_wconf 72' lang='grc' dir='ltr'>μὴν</span> <span class='ocrx_word' id='word_1_603' title='bbox 1032 2799 1206 2843; x_wconf 72' lang='grc' dir='ltr'><em>Ἑλλήνων</em></span> <span class='ocrx_word' id='word_1_604' title='bbox 1223 2799 1419 2842; x_wconf 67' lang='grc' dir='ltr'><em>ὑπομεῖναι</em></span> <span class='ocrx_word' id='word_1_605' title='bbox 1438 2801 1605 2845; x_wconf 70' lang='grc' dir='ltr'>θηλυκῶς</span> 
     </span>
    </p>
   </div>
   <div class='ocr_carea' id='block_1_8' title="bbox 872 1414 877 1516">
    <p class='ocr_par' dir='ltr' id='par_1_10' title="bbox 872 1414 877 1516">
     <span class='ocr_line' id='line_1_101' title="bbox 872 1414 877 1516; baseline 0 0"><span class='ocrx_word' id='word_1_606' title='bbox 872 1414 877 1516; x_wconf 95' lang='lat' dir='ltr'> </span> 
     </span>
    </p>
   </div>
   <div class='ocr_carea' id='block_1_9' title="bbox 873 989 879 1913">
    <p class='ocr_par' dir='ltr' id='par_1_11' title="bbox 873 989 879 1913">
     <span class='ocr_line' id='line_1_102' title="bbox 873 989 879 1913; baseline 0 0"><span class='ocrx_word' id='word_1_607' title='bbox 873 989 879 1913; x_wconf 95' lang='lat' dir='ltr'> </span> 
     </span>
    </p>
   </div>
  </div>
 </body>
</html>
