1794 3282
198 483 230 508 12

206 1358 238 1383 13

215 2101 248 2127 14

254 258 338 299 250
655 260 969 295 ΗΡΟΔΟΤΟΥ
1000 260 1041 293 Δ.
1067 259 1210 294 11—14.

254 332 451 387 ποταμὸν
477 332 610 386 Τύρην
635 331 724 382 (καί
750 345 895 386 σφεων
921 327 984 371 ἔτι
1011 328 1138 384 δῆλός
1164 327 1256 371 ἐστι
1281 326 1302 370 5
1329 327 1499 384 τάφος),
1527 326 1616 369 θά-

253 411 423 457 ψαντας
461 399 506 441 δὲ
544 394 656 440 οὕτω
693 395 767 453 τήν
806 395 951 448 ἔξοδον
989 394 1033 437 ἐκ
1068 399 1143 451 τῆς
1177 396 1320 451 χώρης
1356 398 1614 438 ποιέεσθαι·

254 468 432 517 Σκύθας
463 466 509 508 δὲ
540 464 810 514 ἐπελθόντας
845 465 992 518 λαβεῖν
1030 462 1186 520 ἐρήμην
1221 462 1296 519 τὴν
1330 463 1484 519 χώρην.
1545 463 1617 504 καὶ

254 540 326 578 νῦν
364 534 456 577 ἔστι
490 533 566 588 μὲν
605 532 646 575 ἐν
681 536 731 587 τῇ
763 534 957 588 Σκυθικῇ
990 533 1209 586 Κιμμέρια
1245 534 1404 583 τείχεα,
1444 530 1536 573 ἔστι
1572 529 1618 571 δὲ

255 602 491 659 πορθμήια
516 599 746 654 Κιμμέρια,
775 598 868 641 ἔστι
893 598 939 640 δὲ
964 599 1035 640 καὶ
1056 598 1173 654 χώρη
1202 595 1363 652 οὕνομα
1387 600 1615 654 Κιμμερίη,

257 670 350 713 ἐστι
382 670 428 712 δὲ
453 668 686 725 Βόσπορος
711 670 950 721 Κιμμέριος
981 665 1251 719 καλεόμενος.
1313 668 1543 722 φαίνονται
1574 665 1619 707 δὲ

259 738 300 780 οἱ
330 740 565 793 Κιμμέριοι
597 735 827 791 φεύγοντες
864 733 907 784 ἐς
937 732 1010 789 τὴν
1037 730 1176 788 Ἀσίην
1206 732 1308 783 τοὺς
1337 732 1514 782 Σκύθας
1549 733 1620 774 καὶ

256 804 331 861 τήν
353 804 612 859 χερσόνησον
637 806 869 853 κτίσαντες,
899 801 940 844 ἐν
965 805 1017 856 τῇ
1038 805 1108 843 νῦν
1129 802 1307 856 Σινώπη
1329 800 1460 851 πόλις
1473 797 1620 850 Ἑλλὰς

260 873 461 915 οἴκισται.
500 872 681 928 φανεροὶ
702 870 749 912 δέ
768 869 854 912 εἶσι
872 870 945 910 καὶ
965 868 1007 911 οἱ
1020 868 1193 911 Σκύθαι
1215 868 1445 920 διώξαντες
1465 865 1621 917 αὐτοὺς

259 942 331 982 καὶ
357 939 610 994 ἐσβαλόντες
631 937 673 988 ἐς
690 941 766 993 γῆν
785 936 859 993 τὴν
881 936 1084 992 Μηδικήν,
1113 933 1378 992 ἁμαρτόντες
1401 939 1476 991 τῆς
1496 933 1620 978 ὁδοῦ·

261 1008 302 1050 οἱ
326 1008 402 1061 μὲν
427 1006 507 1063 γὰρ
534 1009 768 1062 Κιμμέριοι
793 1004 878 1047 αἰεὶ
909 1003 984 1060 την
1016 1003 1137 1060 παρὰ
1168 1003 1402 1046 θάλασσαν
1429 1002 1619 1060 ἔφευγον,

261 1075 303 1118 οἱ
327 1076 375 1117 δὲ
400 1075 573 1117 Σκύθαι
599 1072 640 1115 ἐν
668 1073 783 1129 δεξιῇ
809 1071 883 1114 τὸν
908 1072 1136 1114 Καύκασον
1163 1070 1327 1124 ἔχοντες
1359 1070 1546 1121 ἐδίωκον,
1581 1069 1624 1120 ἐς

261 1143 284 1186 ὃ
319 1142 522 1196 ἐσέβαλον
554 1140 596 1191 ἐς
626 1139 700 1196 τὴν
732 1138 923 1195 Μηδικὴν
953 1143 1040 1194 γῆν,
1076 1138 1118 1189 ἐς
1147 1139 1384 1193 μεσόγαιαν
1414 1142 1489 1193 τῆς
1521 1135 1623 1180 ὁδοῦ

261 1213 544 1266 τραφθέντες.
607 1201 731 1257 οὗτος
758 1208 803 1249 δὲ
829 1205 957 1257 ἄλλος
983 1205 1104 1258 ξυνὸς
1124 1204 1328 1262 Ἑλλήνων
1353 1222 1399 1248 τε
1424 1207 1496 1247 καὶ
1519 1208 1625 1261 βαρ-

261 1278 408 1333 βάρων
433 1277 659 1331 λεγόμενος
685 1275 811 1329 λόγος
837 1276 1018 1330 εἴρηται.

342 1343 450 1401 Ἔφη
485 1345 530 1386 δὲ
551 1341 765 1400 ᾌριστέης
798 1339 819 1383 5
846 1344 1146 1395 Καϋστροβίου
1180 1339 1284 1396 ἀνὴρ
1311 1339 1625 1396 Προκοννήσιος

263 1415 426 1455 ποιέων
470 1411 595 1462 ἔπεα,
648 1407 894 1451 ἀπικέσθαι
932 1407 974 1458 ἐς
1006 1407 1250 1463 Ἰσσηδόνας
1294 1407 1628 1464 φοιβόλαμπτος

263 1480 499 1536 γενόμενος,
523 1475 775 1532 Ἰσσηδόνων
801 1473 840 1517 δ’
866 1473 1132 1532 ὑπεροικέειν
1153 1473 1447 1530 Ἀριμασποὺς
1473 1472 1630 1528 ἄνδρας

263 1546 656 1603 μουνοφθάλμους,
712 1541 821 1599 ὑπὲρ
860 1543 906 1585 δὲ
947 1543 1112 1586 τούτων
1156 1542 1258 1594 τοὺς
1297 1542 1630 1599 χρυσοφύλακας

264 1618 451 1670 γρῦπας,
495 1613 660 1655 τούτων
698 1611 744 1653 δὲ
781 1609 882 1661 τοὺς
915 1608 1219 1667 Ὑπερβορέους
1262 1610 1521 1667 κατήκοντας
1557 1608 1631 1652 ἐπὶ

264 1680 511 1724 θάλασσαν.
548 1679 728 1729 τούτους
756 1672 814 1721 ὦν
834 1678 1000 1729 πάντας
1020 1677 1446 1735 πληνεΙῑτερβορέων,
1476 1674 1630 1731 ἀρξάν-

265 1767 350 1792 των
372 1747 661 1806 Άριμασπιῦν,
696 1746 782 1789 αἰεὶ
807 1754 925 1789 τοῖσι
949 1747 1296 1803 πλησιοχώροισι
1323 1745 1626 1796 ἐπιτίθεσθαι,

266 1820 338 1860 καὶ
363 1815 450 1860 ὑπὸ
476 1817 552 1870 μὲν
567 1813 844 1872 Ἀριμασπῶν
870 1813 1150 1866 ἐξωθέεσθαι
1175 1813 1219 1857 ἐκ
1243 1818 1318 1870 τῆς
1340 1814 1482 1870 χώρης
1497 1810 1630 1867 Ἰσση-

270 1886 416 1936 δόνας,
451 1882 540 1927 ὑπὸ
574 1884 620 1926 δὲ
640 1881 893 1938 Ἰσσηδόνων
917 1882 1113 1932 Σκύθας,
1146 1885 1413 1938 Κιμμερίους
1445 1881 1490 1923 δὲ
1521 1879 1631 1922 οἰκέ-

271 1969 396 2002 οντας
427 1951 500 1994 ἐπὶ
531 1955 580 2007 τῇ
612 1953 729 2006 νοτίῃ
761 1950 968 2006 θαλάσσῃ
1000 1947 1088 1992 ὑπὸ
1114 1952 1320 1992 Σκυθέων
1352 1948 1631 2001 πιεζομένους

271 2019 481 2062 ἐκλείπειν
506 2017 579 2074 τὴν
602 2017 757 2072 χώρην.
820 2014 931 2058 οῖ”τω
959 2014 1058 2058 οὐδὲ
1085 2010 1210 2066 οὗτος
1236 2019 1503 2072 συμφέρεται
1527 2016 1629 2070 περὶ

272 2092 346 2142 τῆς
374 2086 516 2142 χώρης
546 2085 705 2139 ταύτης
729 2083 942 2139 Σκύθῃσι.
1002 2086 1073 2126 καὶ
1106 2080 1212 2125 ὅθεν
1243 2083 1318 2136 μὲν
1350 2077 1398 2138 ἧν
1419 2080 1631 2139 Ἀριστέης

272 2152 294 2196 5
326 2157 463 2196 ταῦτα
501 2151 707 2207 ποιήσας,
748 2150 914 2207 εἴρηκα·
976 2152 1050 2192 τὸν
1088 2150 1134 2192 δὲ
1171 2152 1273 2207 περὶ
1311 2147 1441 2192 αι’-τοῦ
1482 2147 1631 2205 ἤκουον

272 2221 397 2276 λόγον
430 2219 471 2262 ἐν
502 2218 783 2275 Προκοννήσῳ
816 2220 887 2260 καὶ
917 2218 1106 2273 Κυζίκῳ,
1141 2217 1262 2269 λέξω.
1307 2217 1521 2274 Ἄριστέην
1550 2215 1630 2273 γὰρ

271 2288 462 2343 λέγουσι,
503 2286 628 2329 ἐόντα
657 2289 741 2328 τιῦν
775 2283 917 2328 ἀστιῦν
950 2284 1123 2335 οὖδενὸς
1153 2285 1273 2340 γένος
1305 2283 1629 2342 ὑποδεέστερον,

274 2355 513 2399 ἐσελθόντα
544 2353 585 2404 ἐς
621 2353 829 2409 κναφήιον
864 2352 904 2395 ἐν
936 2354 1219 2409 Προκοννήσῳ
1259 2351 1523 2404 ἀποθανεῖν,
1562 2353 1634 2394 καὶ

272 2422 345 2466 τὸν
370 2425 535 2479 κναφέα
554 2422 898 2477 κατακληίσαντα
916 2418 966 2463 τὸ
989 2419 1266 2477 ἐργαστήριον
1289 2421 1493 2474 οἴχεσθαι
1514 2417 1636 2476 ἅγγε-

273 2493 424 2533 λέοντα
448 2498 566 2533 τοῖσι
590 2488 860 2544 προσήκουσι
885 2492 945 2544 τῷ
972 2492 1116 2544 νεκρῷ.
1156 2487 1467 2541 ἐσκεδασμένου
1491 2488 1537 2530 δὲ
1556 2485 1635 2544 ἤδη

273 2563 348 2601 τοῦ
375 2558 503 2613 λόγου
531 2554 611 2599 ἆνὰ
636 2554 710 2612 τὴν
735 2557 863 2598 πόλιν
891 2553 950 2606 ὥς
973 2554 1165 2607 τεθνεὼς
1190 2556 1254 2611 εἴη
1283 2553 1305 2598 5
1328 2553 1558 2612 Ἀριστέης,
1595 2554 1637 2606 ἐς

276 2625 579 2682 ἀδιιφισβασίας
609 2632 726 2667 τοῖσι
755 2622 929 2678 λέγουσι
962 2620 1207 2666 ἀπικέσθαι
1239 2621 1374 2677 ἄνδρα
1405 2621 1636 2678 Κυζικηνὸν

276 2691 430 2749 ἥκοντα
457 2691 502 2744 ἐξ
521 2689 720 2748 Ἀρτάκης
745 2691 918 2742 πόλιος,
953 2691 1096 2747 φάντα
1129 2699 1345 2743 συντυχεῖν
1375 2694 1422 2732 τέ
1454 2690 1497 2732 οἵ
1527 2690 1637 2732 ἰόντι

276 2759 352 2805 ἐπὶ.
381 2760 562 2814 Κυζίκου
594 2761 664 2801 καὶ
697 2758 739 2810 ἐς
770 2759 923 2815 λόγους
955 2756 1214 2802 ἀπικέσθαι.
1280 2759 1351 2800 καὶ
1381 2762 1532 2801 τοῦτον
1561 2757 1637 2811 μὲν
