1794 3282
487 239 802 274 ΗΡΟΔΟΤΟΥ
830 239 869 273 Γ.
895 239 949 273 25.
975 238 1030 272 26.
1363 226 1444 267 187

76 307 175 352 οὔτε
201 308 327 364 λόγον
353 306 505 364 ἑωυτῷ
529 306 630 358 δοὺς
649 304 718 351 ὅτι
739 307 781 358 ἒς
799 306 852 349 τὰ
874 306 1032 360 ἔσχατα
1051 310 1126 363 γῆς
1147 305 1294 360 ἔμελλε
1314 321 1445 361 στρα-

73 377 304 419 τεύεσθαι·
343 374 416 417 οἶα
449 375 495 418 δὲ
527 374 715 432 ἐμμανής
744 391 790 418 τε
823 373 903 418 ἒιὺν
934 376 1006 417 καὶ
1038 372 1086 416 οὗ
1119 373 1349 430 φρενήρης,
1385 371 1444 423 ὠς

74 443 200 501 ἤκουε
224 448 309 486 τιῦν
330 441 640 500 Ἰχθυοφάγων,
682 442 980 499 ἐστρατεύετο,
1010 440 1215 497 Ἑλλήνων
1240 441 1316 495 μὲν
1341 439 1444 490 τοὺς

75 511 321 566 παρεόντας
353 509 484 554 αὐτοῦ
517 511 650 563 τάξας
682 509 926 565 ὑπομένειν,
960 508 1035 553 τὸν
1068 509 1114 552 δὲ
1144 507 1274 561 πεζὸν
1301 508 1446 551 πάντα

75 576 167 633 ἅμα
184 577 405 634 ἀγόμενος.
440 577 585 621 ἐπείτε
605 579 651 621 δὲ
667 578 1006 634 στρατευόμενος
1028 576 1191 632 ἐγένετο
1208 576 1249 619 ἓν
1267 575 1443 632 Θήβῃσι,

77 644 279 703 ἀπέκρινε
294 651 369 689 τοῦ
385 650 569 703 στρατοῦ
585 644 644 696 (ὃς
659 649 786 688 πέντε
804 646 1032 702 μυριάδας,
1061 646 1132 687 καὶ
1152 645 1349 687 τούτοισι
1368 644 1444 697 μὲν

79 713 315 757 ἐνετέλλετο
326 712 588 768 Ημμωνίους
604 712 1108 769 ἐξανδραποδισαμένους
1127 711 1176 754 τὸ
1189 712 1446 768 χρηστήριον

78 780 128 824 τὸ
156 786 231 824 τοῦ
258 780 364 832 Διὸς
391 781 628 837 ἐμπρῆσαι,
662 778 791 830 αὐτὸς
819 781 865 822 δὲ
895 779 968 823 τὸν
994 778 1149 822 λοιπὸν
1176 777 1290 835 ἄγων
1317 795 1447 835 στρα-

78 848 152 892 τὸν
176 848 241 905 ἤιε
268 848 342 891 ἐπὶ
366 847 468 898 τοὺς
486 848 731 898 Αἰθίοπας.
768 850 870 904 πρὶν
897 848 943 889 δὲ
962 851 1037 902 τῆς
1057 845 1161 889 ὁδοῦ
1181 846 1255 890 Tb]
1246 845 1447 899 πέμπτον

77 916 208 973 ιιέρος
240 917 545 972 διεληλυθέναι
575 914 649 970 τὴν
683 914 898 970 στρατιήν,
933 913 1088 957 αυτίκα
1118 914 1264 957 πάντα
1291 911 1449 963 αὐτοις

77 983 132 1026 τὰ
159 989 270 1060 &lev
303 986 452 1026 σιτίων
480 981 661 1036 έχόιιενα
693 981 990 1034 ἐπελελοίπεε,
1024 980 1134 1036 μετὰ
1167 982 1213 1024 δὲ
1243 979 1298 1023 τὰ
1330 984 1448 1023 σιτία

78 1052 149 1093 καὶ
173 1049 228 1093 τὰ
255 1048 467 1105 ὑποζύγια
494 1049 676 1092 επέλιπε
701 1051 1036 1104 κατεσθιόμενα.
1099 1066 1137 1092 ει
1166 1048 1243 1102 μέν
1268 1065 1339 1091 νυν
1365 1064 1449 1101 μα-

77 1117 174 1161 θὼν
205 1122 340 1160 ταῦτα
373 1115 394 1159 5
426 1117 664 1173 Καμβύσης
698 1117 985 1172 ἐγνωσιμάχεε
1018 1118 1090 1159 καὶ
1127 1114 1269 1173 ἀπῆγε
1301 1114 1446 1158 ὀπίσω

75 1185 150 1229 τὸν
183 1186 378 1241 στρατόν,
414 1183 489 1227 ἐπὶ
519 1188 571 1240 τῇ
610 1182 801 1241 ἀρχῆθεν
831 1184 1032 1241 γενομένῃ
1066 1183 1286 1242 ἁμαρτάδι
1316 1177 1365 1239 ἧν
1398 1182 1448 1226 ἂν

78 1252 182 1310 ἀνὴρ
210 1254 369 1310 σοφός·
406 1257 478 1296 νῦν
505 1253 551 1295 5&
578 1249 731 1295 οὐδένα
756 1250 884 1308 λόγον
909 1253 1168 1307 ποιεύμενος
1198 1250 1266 1309 ἤιε
1293 1251 1379 1295 αἰεὶ
1407 1251 1449 1302 ἒς

76 1321 124 1364 τὸ
151 1322 320 1378 πρόσω.
359 1321 400 1363 οἱ
427 1321 472 1363 5&
498 1324 765 1378 στρατιῶται
792 1319 873 1371 ἕως
897 1320 973 1374 μέν
999 1338 1042 1364 τι
1068 1318 1181 1374 εἶχον
1208 1319 1252 1363 ἐκ
1276 1324 1352 1376 τῆς
1372 1324 1449 1376 γῆς

75 1389 308 1444 λαμβάνειν
341 1392 684 1445 ποιηφαγέοντες
716 1388 905 1440 διέζωον,
941 1388 1038 1431 ἐπεὶ
1070 1389 1116 1430 δὲ
1149 1387 1191 1438 ἒς
1221 1387 1297 1444 τὴν
1324 1396 1446 1441 ψαμ-

75 1474 155 1512 μον
189 1455 415 1506 ἀπίκοντο,
458 1454 596 1499 δεινὸν
629 1455 750 1512 ἔργον
784 1454 925 1498 αὖτιῦν
956 1473 1069 1507 τινες
1108 1455 1366 1512 ἐργάσαντο·
1406 1454 1450 1498 ἐκ

78 1525 258 1575 δεκάδος
292 1523 372 1580 γὰρ
411 1523 484 1566 ἕνα
521 1526 667 1580 σφέων
706 1521 849 1566 αὗτιῦν
893 1522 1285 1581 ἀποκληρώσαντες
1327 1527 1451 1566 κατέ-

77 1609 230 1651 φαγον.
292 1592 547 1647 πυθόμενος
582 1592 628 1633 5&
664 1596 801 1634 ταῦτα
839 1589 861 1634 5
894 1592 1152 1647 Καμβύσης,
1193 1592 1341 1642 δείσας
1376 1590 1450 1646 τὴν

78 1660 418 1718 ἀλληλοφαγίην,
466 1657 595 1709 ἀπεὶς
633 1659 707 1701 τὸν
745 1657 817 1702 ἐπ’
839 1659 1073 1710 Αἰθίοπας
1111 1659 1265 1702 στόλον
1304 1657 1448 1701 ὀπίσω

79 1729 332 1784 ἐπορεύετο,
366 1729 438 1770 καὶ
470 1724 723 1770 ἀπικνέεται
755 1727 798 1777 ἐς
831 1728 973 1783 Θήβας
1004 1726 1196 1777 πολλοὺς
1228 1724 1451 1777 ἀπολέσας

78 1801 154 1839 τοῦ
196 1800 395 1852 στρατοῦ.
457 1795 500 1838 ἐκ
534 1798 706 1851 Θηβέων
744 1796 791 1837 5&
827 1795 1018 1850 καταβὰς
1057 1794 1097 1846 ἐς
1135 1794 1312 1850 Μέμφιν
1350 1793 1450 1845 τοὺς

69 1863 274 1920 Ἕλληνας
300 1861 439 1919 ἀπῆκε
465 1861 735 1906 ἀποπλιόειν.
797 1861 819 1905 5
846 1864 922 1917 μὲν
950 1861 1015 1905 ἐπ)
1031 1863 1265 1913 Αἰθίοπας
1296 1863 1451 1914 στόλος

81 1930 195 1976 οὕτω
230 1932 407 1988 ἔπρηξε·
447 1930 489 1974 οἱ
523 1928 562 1973 5³
587 1929 729 1973 αὐτῶν
763 1928 1109 1985 ἐπ’ἐίμμωνίους
1135 1928 1453 1982 ἀποσταλέντες

81 2000 421 2081 στρατεύεσθαι,
462 1998 607 2041 επείτε
645 1996 911 2055 ὁρμηθέντες
944 1998 988 2041 ἐκ
1018 2003 1103 2041 τιῦν
1137 2002 1308 2054 Θηβέων
1348 2014 1453 2041 επο-

81 2069 257 2126 ρεύοντο
285 2067 450 2121 ἶς’,4οιτες
476 2064 683 2149 ἀγωγούς,
713 2064 975 2121 ἀπικόμενοι
1000 2067 1076 2121 μὲν
1102 2070 1286 2123 φανεροί
1306 2066 1391 2109 εἰσι
1411 2083 1454 2117 ες

75 2135 216 2180 Ὄασιν
253 2136 400 2186 πόλιν,
444 2152 519 2190 την
557 2134 702 2187 ἐχοισι
737 2135 813 2188 μὲν
849 2135 1013 2177 Σάιιιοι
1049 2138 1124 2190 τῆς
1160 2134 1452 2190 Αισχριωνίης

84 2205 223 2260 φυλῆς
247 2203 470 2258 λεγόμενοι
496 2199 623 2253 εἶναι,
658 2200 873 2255 ἀπέχουσι
906 2203 952 2245 δὲ
983 2201 1096 2245 επτά
1128 2200 1318 2258 ἡιιερέων
1352 2200 1453 2245 ὁδὸν

85 2270 176 2314 ἀπὸ
205 2270 375 2326 Θηβέων
403 2268 476 2312 διὰ
502 2270 709 2324 ψάμμου“
737 2268 1023 2324 οὖνομάζεται
1050 2271 1096 2312 5&
1122 2268 1144 2312 5
1163 2273 1304 2323 χῶρος
1327 2262 1454 2318 οὗτος

85 2336 173 2381 κατ’
197 2336 401 2393 Ἑλλήνων
425 2339 623 2393 γλῶσσαν
642 2337 859 2392 Μακάρων
879 2341 1018 2393 νῆσος.
1059 2336 1101 2387 ἐς
1125 2337 1201 2391 μὲν
1229 2335 1277 2392 δη
1300 2340 1453 2378 τοῦτον

85 2406 159 2450 τὸν
182 2410 322 2462 χῶρον
348 2404 515 2460 λέγεται
547 2403 794 2448 ἀπικέσθαι
824 2403 897 2447 τὸν
930 2405 1133 2461 στρατόν·
1170 2402 1220 2447 τὸ
1254 2403 1454 2446 ἐνθεῦτεν

88 2476 153 2526 δέ,
195 2470 263 2516 ὅτι
292 2472 349 2528 μὴ
383 2471 507 2515 αὐτοὶ
534 2471 765 2526 Ἀμμώνιοι
803 2474 874 2514 καὶ
906 2472 948 2515 οἱ
978 2472 1144 2514 τούτων
1176 2470 1451 2523 ἀκούσαντες,

87 2541 213 2585 ἄλλοι
240 2539 408 2591 οὐδένες
434 2538 556 2583 οὐδὲν
583 2540 728 2593 ἔχουσι
754 2539 893 2582 εἰπεῖν
918 2541 1020 2595 περὶ
1053 2537 1213 2582 αὐτῶν·
1248 2537 1348 2582 οὔτε
1372 2538 1453 2595 γὰρ

89 2610 132 2661 ἒς
173 2608 273 2660 τοὺς
310 2607 573 2663 Ξίμμωνίους
616 2606 824 2650 ἀπίκοντο
868 2604 966 2650 οὔτε
1010 2605 1154 2650 ὀπίσω
1205 2607 1452 2662 ἐνόστησαν.

88 2681 256 2734 λέγεται
283 2678 328 2720 5&
353 2679 423 2719 καὶ
448 2677 551 2719 τάδε
578 2674 649 2719 ὑπ’
667 2673 807 2724 αὐτῶν
828 2672 1096 2729 Ἀμμωνίων·
1131 2674 1281 2731 ἐπειδὴ
1310 2674 1353 2717 ἔκ
1379 2678 1454 2730 τῆς

85 2746 250 2798 ’Θάσιος
274 2746 430 2802 ταύτης
452 2745 558 2788 ἰέναι
582 2743 654 2787 διὰ
673 2748 746 2800 τῆς
767 2744 951 2799 ψάμμου
974 2741 1047 2786 ἐπὶ
1069 2747 1219 2800 σφέας,
1246 2746 1455 2799 γενέσθαι

1476 1876 1509 1901 26
