1794 3282
550 248 862 283 ΗΡΟΔΟΤΟΥ
892 248 934 282 Δ.
961 248 1014 282 10.
1042 248 1094 282 11.
1419 238 1502 278 249

140 316 205 361 ἔπ’
223 315 353 373 ἄκρης
377 321 454 374 τῆς
479 319 696 374 συμβολῆς
721 317 881 374 φιάλην
903 320 1096 374 χρυσέην,
1126 316 1255 360 δόντα
1281 317 1327 359 δὲ
1358 314 1501 358 ἀπαλ-

137 386 400 428 λάσσεσθαι.
467 384 542 440 τὴν
587 382 641 437 δ’,
687 383 784 427 ἐπεί
820 384 862 427 οἳ
902 388 1154 440 γενομένους
1193 383 1295 435 τοὺς
1335 384 1501 435 παῖδας

139 451 436 510 ἀνδρωθῆναι,
475 457 604 495 τοῦτο
635 451 712 506 μέν
743 468 825 508 σφι
856 450 1077 506 οὐνόματα
1106 451 1295 503 θέσθαι,
1333 456 1395 508 τῷ
1425 452 1501 506 μὲν

132 518 401 577 Ἀγάθυρσον
434 518 587 572 αὗτιῦν,
622 524 684 576 τῷ
717 518 757 562 δ’
775 519 972 576 ἑπομένῳ
1003 521 1214 571 Γελωνόν,
1247 520 1422 576 Σκύθην
1455 520 1501 562 δὲ

137 593 199 645 τῷ
224 589 445 645 νεωτάτῳ,
484 592 613 630 τοῦτο
641 587 687 630 δὲ
711 591 786 642 τῆς
817 587 1050 644 ἐπιστολῆς
1073 591 1338 644 μεμνημένην
1370 585 1501 643 αὐτὴν

137 661 323 713 ποιῆσαι
347 655 402 699 τὰ
429 655 720 709 ἐντεταλμένα.
758 656 829 697 καὶ
856 653 906 711 δὴ
935 655 1010 697 δύο
1035 658 1112 708 μέν
1138 654 1180 697 οἱ
1204 659 1289 697 τῶν
1314 655 1497 707 παίδων,

137 724 211 766 τόν
242 740 288 767 τε
310 721 578 780 Ἀγάθυρσον
607 724 678 764 καὶ
709 720 783 765 τὸν
807 723 1013 774 Γελωνόν,
1049 720 1125 765 οὖκ
1157 722 1276 773 οἵους
1306 740 1353 767 τε
1382 739 1501 777 γενο-

136 790 291 845 μένους
317 791 541 844 ἐξικέσθαι
565 789 678 844 πρὸς
695 788 768 833 τὸν
786 794 1068 845 προκείμενον
1094 787 1268 842 ἄεθλον,
1297 791 1501 844 οἴχεσθαι

138 858 182 902 ἐκ
212 863 286 915 τῆς
314 860 456 915 χώρης
488 858 774 913 ἐκβληθέντας
810 856 898 901 ὑπὸ
929 862 1004 914 τῆς
1038 861 1304 914 γειναμένης,
1343 857 1417 901 τὸν
1454 858 1501 900 δὲ

136 927 348 970 νεώτατον
374 924 516 969 αὐτῶν
540 925 715 981 Σκύθην
748 925 1056 968 ἐπιτελέσαντα
1086 934 1342 979 καταμεῖναι
1376 924 1417 966 ἓν
1448 929 1501 980 τῇ

133 994 266 1051 χώρῃ.
303 995 376 1036 καὶ
402 991 492 1037 ἀπὸ
518 994 594 1047 μὲν
612 993 795 1036 Σκύθεω
821 997 898 1036 τοῦ
920 991 1145 1048 Ἡρακλέος
1169 996 1375 1048 γενέσθαι
1400 990 1502 1042 τοὺς

138 1062 224 1105 αἰεὶ
253 1063 461 1116 βασιλέας
489 1064 738 1116 γινομένους
767 1064 992 1111 Σκυθέων,
1033 1058 1123 1103 ἀπὸ
1157 1060 1203 1102 δὲ
1232 1064 1308 1116 τῆς
1340 1059 1502 1116 φιάλης

137 1128 201 1172 ἔτι
225 1130 297 1170 καὶ
322 1127 365 1179 ἒς
388 1128 490 1171 τόδε
515 1128 678 1184 φιάλας
698 1127 741 1170 ἔκ
759 1131 844 1170 τῶν
865 1127 1093 1184 ζωστήρων
1113 1130 1286 1184 φορέειν
1305 1127 1502 1177 Σκύθας·

139 1195 206 1254 [τὸ
234 1195 284 1252 δὴ
310 1199 469 1250 μοῦνον
493 1196 834 1252 μηχανήσασθαι
858 1194 933 1251 τὴν
958 1198 1123 1252 μητέρα
1141 1195 1328 1251 Σκύθῃ].
1366 1199 1503 1237 ταῦτα

137 1265 183 1307 δὲ
203 1261 408 1321 Ἑλλήνων
435 1263 477 1306 οἱ
500 1262 574 1306 τὸν
598 1263 764 1306 Πόντον
790 1263 1000 1313 οἰκέοντες
1025 1264 1211 1319 λέγουσι.

211 1328 332 1375 Ἔστι
358 1332 404 1374 δὲ
430 1332 501 1374 καὶ
527 1329 656 1382 ἄλλος
680 1331 807 1387 λόγος
833 1330 938 1384 ἔχων
964 1324 1060 1382 ὦδε,
1088 1335 1150 1387 τῷ
1169 1330 1361 1384 μάλιστα
1381 1331 1501 1385 λεγο-

136 1398 250 1454 μένῳ
278 1396 409 1449 αὖτὸς
435 1398 713 1456 πρόσκειμαι.
752 1399 931 1450 Σκύθας
949 1397 1051 1449 τοὺς
1070 1398 1263 1452 νομάδας
1285 1399 1504 1449 οἰκέοντας

139 1466 181 1509 ἒν
205 1470 256 1523 τῆ
276 1464 404 1522 Ἀσίῃ,
433 1467 612 1521 πολέμῳ
640 1469 906 1516 πιεσθέντας
931 1464 1019 1509 ὑπὸ
1046 1470 1364 1522 Μασσαγετέων
1390 1467 1502 1520 οἴχε-

140 1539 251 1578 σθαι
277 1533 512 1588 διαβάντας
536 1532 736 1588 ποταμὸν
757 1531 931 1590 Ἀράξην
958 1533 1029 1576 ἐπὶ
1056 1538 1131 1591 γῆν
1162 1532 1236 1590 τὴν
1261 1539 1501 1591 Κιμμερίην

139 1601 230 1657 (τὴν
254 1600 334 1658 γὰρ
362 1605 433 1644 νῦν
460 1604 661 1655 νέμονται
686 1601 877 1653 Σκύθαι,
912 1598 1018 1658 αὕτη
1045 1603 1212 1657 λέγεται
1237 1600 1285 1645 τὸ
1312 1602 1502 1645 παλαιὸν

140 1667 250 1712 εἶναι
269 1671 548 1725 Κιμμερίων),
576 1668 676 1719 τοὺς
702 1670 748 1712 δὲ
768 1673 1034 1726 Κιμμερίους
1060 1668 1270 1712 ἐπιόντων
1293 1674 1503 1713 Σκυθέων

138 1736 435 1792 βουλεύεσθαι
467 1734 526 1788 ὦς
552 1741 738 1792 στρατοῦ
772 1736 972 1788 ἐπιόντος
1001 1737 1206 1793 μεγάλου,
1241 1739 1312 1780 καὶ
1344 1737 1394 1794 δὴ
1426 1737 1504 1789 τὰς

139 1805 312 1861 γνώμας
343 1803 490 1861 σφέων
520 1804 852 1861 κεχωρισμένας,
893 1804 1087 1856 ἐντόνους
1123 1805 1199 1859 μὲν
1237 1802 1500 1862 ἀμφοτέρας,

141 1871 300 1927 ἀμείνω
329 1872 375 1915 δὲ
398 1871 473 1928 τὴν
498 1876 584 1915 τιῦν
606 1874 841 1926 βασιλέων·
872 1871 946 1928 τὴν
971 1873 1047 1926 μὲν
1071 1871 1150 1929 γὰρ
1179 1872 1229 1929 δὴ
1254 1877 1332 1915 τοῦ
1366 1874 1502 1929 δήμου

140 1944 287 1997 φέρειν
311 1939 482 1996 γνώμην
508 1938 567 1991 (ὗς
593 1938 964 1983 ἀπαλλάσσεσθαι
983 1945 1160 1996 πρῆγμα
1180 1940 1244 1996 ε’ίη
1265 1941 1373 1997 μηδὲ
1392 1940 1505 1997 πρὸς

140 2006 330 2058 πολλοὺς
362 2007 471 2050 δέοι
508 2005 940 2059 ἀνακινδυνεύειν,
979 2006 1053 2064 την
1086 2008 1131 2050 δὲ
1168 2012 1253 2051 τῶν
1287 2008 1503 2062 βασιλέων

141 2075 440 2129 διαμάχεσθαι
465 2077 567 2130 περὶ
591 2079 668 2131 τῆς
690 2076 833 2132 χώρης
857 2084 974 2119 τοῖσι
1007 2075 1197 2119 ἐπιοῦσι.
1259 2073 1335 2118 οὐκ
1361 2069 1420 2118 ὦν
1453 2076 1503 2133 δὴ

141 2142 309 2186 ἐθέλειν
334 2147 584 2186 πείθεσθαι
610 2140 709 2186 οὕτε
733 2152 851 2186 τοῖσι
879 2145 1109 2198 βασιλεῦσι
1139 2143 1213 2186 τὸν
1246 2144 1379 2200 δῆμον
1406 2142 1505 2186 οὔτε

139 2215 200 2266 τῷ
239 2211 360 2266 δήμῳ
391 2210 493 2261 τοὺς
522 2213 741 2266 βασιλέας.
801 2210 903 2262 τοὺς
933 2213 1009 2265 μὲν
1041 2211 1092 2268 δί]
1131 2210 1505 2254 ἀπαλλάσσεσθαι

139 2278 434 2331 βουλεύεσθαι
465 2276 650 2334 ἀμαχητὶ
681 2277 756 2334 τὴν
783 2279 925 2334 χώρην
951 2279 1230 2335 παραδόντας
1259 2287 1376 2321 τοῖσι
1408 2278 1505 2321 ἐπι-

142 2349 258 2388 οῦσι·
295 2353 412 2387 τοῖσι
445 2345 490 2387 δὲ
520 2347 750 2399 βασιλεῦσι
781 2346 907 2398 δόξαι
945 2345 986 2388 έν
1021 2351 1073 2401 τῇ
1111 2345 1283 2388 ἑωυτῶν
1320 2345 1505 2389 κέεσθαι

131 2410 451 2463 ’ἀποθανόντας
481 2413 590 2468 μηδὲ
621 2413 882 2469 συμφεύγειν
916 2417 978 2469 τῷ
1012 2414 1153 2469 δήμῳ,
1195 2415 1504 2468 λογισαμένους

141 2477 225 2522 ὅσα
261 2496 307 2522 τε
345 2477 495 2535 ἀγαθὰ
531 2480 790 2523 πεπόνθασι
831 2482 904 2522 καὶ
946 2478 1030 2522 ὅσα
1067 2481 1305 2537 φεύγοντας
1348 2479 1391 2523 ἔκ
1428 2485 1504 2536 τῆς

140 2547 352 2603 πατρίδος
376 2546 484 2589 κακὰ
511 2546 694 2599 ἐπίδοξα
718 2548 1074 2601 καταλαμβάνειν.
1114 2545 1173 2598 ὥς
1199 2548 1244 2590 δὲ
1271 2548 1397 2600 δόξαι
1422 2564 1504 2605 σφι

140 2619 293 2667 ταῦτα,
329 2615 588 2666 διαστάντας
618 2617 690 2658 καὶ
721 2613 914 2671 ἀριθμὸν
946 2615 1068 2666 ἰ’σους
1091 2619 1343 2671 γενομένους
1372 2616 1504 2670 μάχε-

142 2687 254 2726 σθαι
285 2682 397 2739 πρὸς
428 2679 650 2739 ἀλλήλους.
710 2684 782 2725 καὶ
812 2681 913 2733 τοὺς
943 2684 1020 2737 μὲν
1052 2681 1363 2734 ἀποθανόντας
1392 2684 1505 2726 πάν-

259 2748 271 2763 t

140 2767 219 2802 τας
249 2749 322 2795 mc'
340 2749 512 2794 ἑωυτῶν
545 2750 699 2807 θάψαι
729 2749 802 2793 τὸν
834 2751 968 2806 δῆμον
998 2755 1085 2794 τιῦν
1111 2755 1359 2809 Κιμμερίων
1383 2749 1505 2808 παρὰ

1528 1341 1560 1366 u
