<?xml version="1.0" encoding="UTF-8"?>
<!DOCTYPE html PUBLIC "-//W3C//DTD XHTML 1.0 Transitional//EN"
    "http://www.w3.org/TR/xhtml1/DTD/xhtml1-transitional.dtd">
<html xmlns="http://www.w3.org/1999/xhtml" xml:lang="en" lang="en">
 <head>
  <title>
</title>
<meta http-equiv="Content-Type" content="text/html;charset=utf-8" />
  <meta name='ocr-system' content='tesseract 3.04.00' />
  <meta name='ocr-capabilities' content='ocr_page ocr_carea ocr_par ocr_line ocrx_word'/>
</head>
<body>
  <div class='ocr_page' id='page_1' title='image "./herodotihistori01herouoft_0117.png"; bbox 0 0 1794 3282; ppageno 0'>
   <div class='ocr_carea' id='block_1_1' title="bbox 124 234 1579 2816">
    <p class='ocr_par' dir='ltr' id='par_1_1' title="bbox 124 234 1579 2816">
     <span class='ocr_line' id='line_1_1' title="bbox 501 234 1489 281; baseline -0.006 0"><span class='ocrx_word' id='word_1_1' title='bbox 501 246 816 281; x_wconf 68' lang='grc' dir='ltr'>ΗΡΟΔΟΤΟΥ</span> <span class='ocrx_word' id='word_1_2' title='bbox 846 247 887 281; x_wconf 91' lang='lat' dir='ltr'><em>A.</em></span> <span class='ocrx_word' id='word_1_3' title='bbox 915 246 1106 281; x_wconf 79' lang='lat'>133—135.</span> <span class='ocrx_word' id='word_1_4' title='bbox 1436 234 1489 276; x_wconf 75' lang='lat'><em>61</em></span> 
     </span>
     <span class='ocr_line' id='line_1_2' title="bbox 125 313 1494 373; baseline -0.004 -13"><span class='ocrx_word' id='word_1_5' title='bbox 125 316 283 373; x_wconf 76' lang='grc' dir='ltr'><em>ἐκείνην</em></span> <span class='ocrx_word' id='word_1_6' title='bbox 308 319 436 369; x_wconf 85' lang='grc' dir='ltr'><em>τιμᾶν</em></span> <span class='ocrx_word' id='word_1_7' title='bbox 462 315 686 369; x_wconf 81' lang='grc' dir='ltr'><em>νομίζουσι</em></span> <span class='ocrx_word' id='word_1_8' title='bbox 710 320 760 372; x_wconf 85' lang='grc' dir='ltr'><em>τῇ</em></span> <span class='ocrx_word' id='word_1_9' title='bbox 789 314 965 366; x_wconf 71' lang='grc' dir='ltr'><em>ἕκαστος</em></span> <span class='ocrx_word' id='word_1_10' title='bbox 992 314 1167 370; x_wconf 76' lang='grc' dir='ltr'><em>ἐγένετο.</em></span> <span class='ocrx_word' id='word_1_11' title='bbox 1219 313 1261 356; x_wconf 75' lang='grc' dir='ltr'><em>ἐν</em></span> <span class='ocrx_word' id='word_1_12' title='bbox 1287 313 1420 370; x_wconf 80' lang='grc' dir='ltr'><em>ταύτῃ</em></span> <span class='ocrx_word' id='word_1_13' title='bbox 1447 313 1494 355; x_wconf 82' lang='grc' dir='ltr'><em>δὲ</em></span> 
     </span>
     <span class='ocr_line' id='line_1_3' title="bbox 124 380 1495 439; baseline -0.003 -12"><span class='ocrx_word' id='word_1_14' title='bbox 124 386 243 428; x_wconf 88' lang='grc' dir='ltr'><em>πλέω</em></span> <span class='ocrx_word' id='word_1_15' title='bbox 271 384 400 426; x_wconf 87' lang='grc' dir='ltr'><em>δαῖτα</em></span> <span class='ocrx_word' id='word_1_16' title='bbox 425 387 510 426; x_wconf 90' lang='grc' dir='ltr'><em>τῶν</em></span> <span class='ocrx_word' id='word_1_17' title='bbox 537 380 677 425; x_wconf 80' lang='grc' dir='ltr'><em>ἄλλων</em></span> <span class='ocrx_word' id='word_1_18' title='bbox 703 383 919 426; x_wconf 75' lang='grc' dir='ltr'><em>δικαιεῦσι</em></span> <span class='ocrx_word' id='word_1_19' title='bbox 945 385 1271 439; x_wconf 67' lang='grc' dir='ltr'><em>προτίθεσθαι·</em></span> <span class='ocrx_word' id='word_1_20' title='bbox 1307 381 1348 424; x_wconf 77' lang='grc' dir='ltr'><em>ἐν</em></span> <span class='ocrx_word' id='word_1_21' title='bbox 1373 385 1424 438; x_wconf 84' lang='grc' dir='ltr'><em>τῇ</em></span> <span class='ocrx_word' id='word_1_22' title='bbox 1453 380 1495 423; x_wconf 77' lang='grc' dir='ltr'><em>οἱ</em></span> 
     </span>
     <span class='ocr_line' id='line_1_4' title="bbox 126 447 1496 506; baseline -0.002 -12"><span class='ocrx_word' id='word_1_23' title='bbox 126 450 377 506; x_wconf 78' lang='grc' dir='ltr'><em>εὐδαίμονες</em></span> <span class='ocrx_word' id='word_1_24' title='bbox 409 449 550 494; x_wconf 77' lang='grc' dir='ltr'><em>αὐτῶν</em></span> <span class='ocrx_word' id='word_1_25' title='bbox 575 455 679 506; x_wconf 82' lang='grc' dir='ltr'><em>βοῦν</em></span> <span class='ocrx_word' id='word_1_26' title='bbox 710 453 782 494; x_wconf 89' lang='grc' dir='ltr'><em>καὶ</em></span> <span class='ocrx_word' id='word_1_27' title='bbox 807 452 947 494; x_wconf 82' lang='grc' dir='ltr'><em>ἵππον</em></span> <span class='ocrx_word' id='word_1_28' title='bbox 977 452 1049 493; x_wconf 84' lang='grc' dir='ltr'><em>καὶ</em></span> <span class='ocrx_word' id='word_1_29' title='bbox 1079 451 1269 506; x_wconf 86' lang='grc' dir='ltr'><em>κάμηλον</em></span> <span class='ocrx_word' id='word_1_30' title='bbox 1301 451 1373 492; x_wconf 87' lang='grc' dir='ltr'><em>καὶ</em></span> <span class='ocrx_word' id='word_1_31' title='bbox 1399 447 1496 492; x_wconf 81' lang='grc' dir='ltr'><em>ὄνον</em></span> 
     </span>
     <span class='ocr_line' id='line_1_5' title="bbox 126 516 1496 575; baseline -0.002 -14"><span class='ocrx_word' id='word_1_32' title='bbox 126 522 424 575; x_wconf 68' lang='grc' dir='ltr'><em>προτιθέαται</em></span> <span class='ocrx_word' id='word_1_33' title='bbox 456 516 583 570; x_wconf 76' lang='grc' dir='ltr'><em>ὅλους</em></span> <span class='ocrx_word' id='word_1_34' title='bbox 616 517 778 570; x_wconf 83' lang='grc' dir='ltr'><em>ὀπτοὺς</em></span> <span class='ocrx_word' id='word_1_35' title='bbox 813 519 854 561; x_wconf 76' lang='grc' dir='ltr'><em>ἓν</em></span> <span class='ocrx_word' id='word_1_36' title='bbox 885 523 1123 573; x_wconf 72' lang='grc' dir='ltr'><em>καμίνοισι,</em></span> <span class='ocrx_word' id='word_1_37' title='bbox 1164 518 1206 561; x_wconf 80' lang='grc' dir='ltr'><em>οἱ</em></span> <span class='ocrx_word' id='word_1_38' title='bbox 1238 518 1284 560; x_wconf 80' lang='grc' dir='ltr'><em>δὲ</em></span> <span class='ocrx_word' id='word_1_39' title='bbox 1316 520 1496 572; x_wconf 89' lang='grc' dir='ltr'><em>πένητες</em></span> 
     </span>
     <span class='ocr_line' id='line_1_6' title="bbox 127 585 1496 643; baseline -0.002 -14"><span class='ocrx_word' id='word_1_40' title='bbox 127 585 267 630; x_wconf 77' lang='grc' dir='ltr'><em>αὐτῶν</em></span> <span class='ocrx_word' id='word_1_41' title='bbox 291 586 346 629; x_wconf 84' lang='grc' dir='ltr'><em>τὰ</em></span> <span class='ocrx_word' id='word_1_42' title='bbox 372 586 510 629; x_wconf 80' lang='grc' dir='ltr'><em>λεπτὰ</em></span> <span class='ocrx_word' id='word_1_43' title='bbox 534 591 618 630; x_wconf 93' lang='grc' dir='ltr'><em>τῶν</em></span> <span class='ocrx_word' id='word_1_44' title='bbox 645 587 880 642; x_wconf 74' lang='grc' dir='ltr'><em>προβάτων</em></span> <span class='ocrx_word' id='word_1_45' title='bbox 906 586 1215 643; x_wconf 79' lang='grc' dir='ltr'><em>προτιθέαται.</em></span> <span class='ocrx_word' id='word_1_46' title='bbox 1261 589 1423 628; x_wconf 87' lang='grc' dir='ltr'><em>σίτοισι</em></span> <span class='ocrx_word' id='word_1_47' title='bbox 1450 585 1496 626; x_wconf 82' lang='grc' dir='ltr'><em>δὲ</em></span> 
     </span>
     <span class='ocr_line' id='line_1_7' title="bbox 129 650 1496 711; baseline -0.003 -13"><span class='ocrx_word' id='word_1_48' title='bbox 129 653 314 711; x_wconf 78' lang='grc' dir='ltr'><em>ὀλίγοισι</em></span> <span class='ocrx_word' id='word_1_49' title='bbox 326 658 536 711; x_wconf 84' lang='grc' dir='ltr'><em>χρέονται,</em></span> <span class='ocrx_word' id='word_1_50' title='bbox 566 655 869 711; x_wconf 76' lang='grc' dir='ltr'><em>ἐπιφορήμασι</em></span> <span class='ocrx_word' id='word_1_51' title='bbox 886 655 932 697; x_wconf 77' lang='grc' dir='ltr'><em>δὲ</em></span> <span class='ocrx_word' id='word_1_52' title='bbox 946 656 1149 697; x_wconf 88' lang='grc' dir='ltr'><em>πολλοῖσι</em></span> <span class='ocrx_word' id='word_1_53' title='bbox 1165 655 1236 696; x_wconf 86' lang='grc' dir='ltr'><em>καὶ</em></span> <span class='ocrx_word' id='word_1_54' title='bbox 1256 651 1331 696; x_wconf 79' lang='grc' dir='ltr'><em>οὗκ</em></span> <span class='ocrx_word' id='word_1_55' title='bbox 1353 650 1496 695; x_wconf 76' lang='grc' dir='ltr'><em>ἁλέσι·</em></span> 
     </span>
     <span class='ocr_line' id='line_1_8' title="bbox 128 720 1498 781; baseline -0.003 -16"><span class='ocrx_word' id='word_1_56' title='bbox 128 725 200 765; x_wconf 85' lang='grc' dir='ltr'><em>καὶ</em></span> <span class='ocrx_word' id='word_1_57' title='bbox 222 721 294 765; x_wconf 78' lang='grc' dir='ltr'><em>διὰ</em></span> <span class='ocrx_word' id='word_1_58' title='bbox 314 723 441 765; x_wconf 86' lang='grc' dir='ltr'><em>τοῦτό</em></span> <span class='ocrx_word' id='word_1_59' title='bbox 464 739 575 781; x_wconf 92' lang='grc' dir='ltr'><em>φασι</em></span> <span class='ocrx_word' id='word_1_60' title='bbox 588 726 755 779; x_wconf 87' lang='grc' dir='ltr'><em>Πέρσαι</em></span> <span class='ocrx_word' id='word_1_61' title='bbox 774 720 1086 778; x_wconf 77' lang='grc' dir='ltr'><em>τοὺςἝλληνας</em></span> <span class='ocrx_word' id='word_1_62' title='bbox 1107 724 1379 776; x_wconf 75' lang='grc' dir='ltr'><em>σιτεομένους</em></span> <span class='ocrx_word' id='word_1_63' title='bbox 1400 736 1498 762; x_wconf 87' lang='grc' dir='ltr'><em>πει-</em></span> 
     </span>
     <span class='ocr_line' id='line_1_9' title="bbox 129 787 1498 846; baseline -0.002 -13"><span class='ocrx_word' id='word_1_64' title='bbox 129 795 303 841; x_wconf 88' lang='grc' dir='ltr'><em>νέοντας</em></span> <span class='ocrx_word' id='word_1_65' title='bbox 335 791 583 841; x_wconf 81' lang='grc' dir='ltr'><em>παύεσθαι,</em></span> <span class='ocrx_word' id='word_1_66' title='bbox 618 788 687 832; x_wconf 79' lang='grc' dir='ltr'><em>ὅτι</em></span> <span class='ocrx_word' id='word_1_67' title='bbox 719 806 801 846; x_wconf 90' lang='grc' dir='ltr'><em>σφι</em></span> <span class='ocrx_word' id='word_1_68' title='bbox 833 787 922 832; x_wconf 78' lang='grc' dir='ltr'><em>ἀπὸ</em></span> <span class='ocrx_word' id='word_1_69' title='bbox 956 790 1132 831; x_wconf 77' lang='grc' dir='ltr'><em>δείπνου</em></span> <span class='ocrx_word' id='word_1_70' title='bbox 1165 792 1498 845; x_wconf 78' lang='grc' dir='ltr'><em>παραφορέεται</em></span> 
     </span>
     <span class='ocr_line' id='line_1_10' title="bbox 131 853 1497 913; baseline -0.003 -12"><span class='ocrx_word' id='word_1_71' title='bbox 131 856 255 901; x_wconf 74' lang='grc' dir='ltr'><em>οὐδὲν</em></span> <span class='ocrx_word' id='word_1_72' title='bbox 280 858 408 913; x_wconf 80' lang='grc' dir='ltr'><em>λόγου</em></span> <span class='ocrx_word' id='word_1_73' title='bbox 437 856 577 909; x_wconf 77' lang='grc' dir='ltr'><em>ἄξιον·</em></span> <span class='ocrx_word' id='word_1_74' title='bbox 610 857 648 899; x_wconf 88' lang='grc' dir='ltr'><em>εἰ</em></span> <span class='ocrx_word' id='word_1_75' title='bbox 680 857 727 898; x_wconf 90' lang='grc' dir='ltr'><em>δέ</em></span> <span class='ocrx_word' id='word_1_76' title='bbox 756 874 800 899; x_wconf 87' lang='grc' dir='ltr'><em>τι</em></span> <span class='ocrx_word' id='word_1_77' title='bbox 826 855 1147 913; x_wconf 77' lang='grc' dir='ltr'><em>παραφέροιτο,</em></span> <span class='ocrx_word' id='word_1_78' title='bbox 1183 855 1414 906; x_wconf 76' lang='grc' dir='ltr'><em>ἐσθίοντας</em></span> <span class='ocrx_word' id='word_1_79' title='bbox 1447 853 1497 897; x_wconf 71' lang='grc' dir='ltr'><em>ἂν</em></span> 
     </span>
     <span class='ocr_line' id='line_1_11' title="bbox 131 921 1498 980; baseline -0.003 -12"><span class='ocrx_word' id='word_1_80' title='bbox 131 924 180 968; x_wconf 79' lang='grc' dir='ltr'><em>οὗ</em></span> <span class='ocrx_word' id='word_1_81' title='bbox 207 926 452 968; x_wconf 82' lang='grc' dir='ltr'><em>παύεσθαι.</em></span> <span class='ocrx_word' id='word_1_82' title='bbox 509 925 610 980; x_wconf 76' lang='grc' dir='ltr'><em>οἴνῳ</em></span> <span class='ocrx_word' id='word_1_83' title='bbox 639 925 685 966; x_wconf 76' lang='grc' dir='ltr'><em>δὲ</em></span> <span class='ocrx_word' id='word_1_84' title='bbox 716 924 851 980; x_wconf 88' lang='grc' dir='ltr'><em>κάρτα</em></span> <span class='ocrx_word' id='word_1_85' title='bbox 883 927 1170 980; x_wconf 79' lang='grc' dir='ltr'><em>προσκέαται,</em></span> <span class='ocrx_word' id='word_1_86' title='bbox 1210 927 1283 964; x_wconf 90' lang='grc' dir='ltr'><em>καί</em></span> <span class='ocrx_word' id='word_1_87' title='bbox 1309 939 1390 978; x_wconf 87' lang='grc' dir='ltr'><em>σφι</em></span> <span class='ocrx_word' id='word_1_88' title='bbox 1422 921 1498 964; x_wconf 72' lang='grc' dir='ltr'><em>οὐκ</em></span> 
     </span>
     <span class='ocr_line' id='line_1_12' title="bbox 130 988 1497 1048; baseline -0.003 -13"><span class='ocrx_word' id='word_1_89' title='bbox 130 992 282 1047; x_wconf 76' lang='grc' dir='ltr'><em>ἐμέσαι</em></span> <span class='ocrx_word' id='word_1_90' title='bbox 308 992 459 1044; x_wconf 69' lang='grc' dir='ltr'><em>ἔξεστι,</em></span> <span class='ocrx_word' id='word_1_91' title='bbox 489 989 582 1034; x_wconf 74' lang='grc' dir='ltr'><em>οὐκὶ</em></span> <span class='ocrx_word' id='word_1_92' title='bbox 608 989 791 1048; x_wconf 71' lang='grc' dir='ltr'><em>οὐρῆσαι</em></span> <span class='ocrx_word' id='word_1_93' title='bbox 817 990 961 1034; x_wconf 82' lang='grc' dir='ltr'><em>άντίον</em></span> <span class='ocrx_word' id='word_1_94' title='bbox 988 988 1135 1033; x_wconf 73' lang='grc' dir='ltr'><em>ἄλλου.</em></span> <span class='ocrx_word' id='word_1_95' title='bbox 1173 994 1310 1033; x_wconf 83' lang='grc' dir='ltr'><em>ταῦτα</em></span> <span class='ocrx_word' id='word_1_96' title='bbox 1330 993 1405 1043; x_wconf 85' lang='grc' dir='ltr'><em>μέν</em></span> <span class='ocrx_word' id='word_1_97' title='bbox 1426 1007 1497 1032; x_wconf 89' lang='grc' dir='ltr'><em>νυν</em></span> 
     </span>
     <span class='ocr_line' id='line_1_13' title="bbox 129 1058 1496 1117; baseline -0.003 -14"><span class='ocrx_word' id='word_1_98' title='bbox 129 1058 242 1103; x_wconf 67' lang='grc' dir='ltr'><em>οὕτω</em></span> <span class='ocrx_word' id='word_1_99' title='bbox 270 1060 554 1117; x_wconf 83' lang='grc' dir='ltr'><em>φυλάσσεται,</em></span> <span class='ocrx_word' id='word_1_100' title='bbox 583 1060 906 1114; x_wconf 75' lang='grc' dir='ltr'><em>μεθυσκόμενοι</em></span> <span class='ocrx_word' id='word_1_101' title='bbox 932 1059 978 1101; x_wconf 84' lang='grc' dir='ltr'><em>δὲ</em></span> <span class='ocrx_word' id='word_1_102' title='bbox 1005 1058 1177 1101; x_wconf 77' lang='grc' dir='ltr'><em>ἐώθασι</em></span> <span class='ocrx_word' id='word_1_103' title='bbox 1202 1058 1496 1112; x_wconf 82' lang='grc' dir='ltr'><em>βουλεύεσθαι</em></span> 
     </span>
     <span class='ocr_line' id='line_1_14' title="bbox 127 1122 1497 1184; baseline -0.002 -14"><span class='ocrx_word' id='word_1_104' title='bbox 127 1127 182 1171; x_wconf 81' lang='grc' dir='ltr'><em>τὰ</em></span> <span class='ocrx_word' id='word_1_105' title='bbox 214 1126 571 1170; x_wconf 76' lang='grc' dir='ltr'><em>σπουδαιέστατα</em></span> <span class='ocrx_word' id='word_1_106' title='bbox 602 1132 687 1170; x_wconf 92' lang='grc' dir='ltr'><em>τῶν</em></span> <span class='ocrx_word' id='word_1_107' title='bbox 720 1127 999 1184; x_wconf 80' lang='grc' dir='ltr'><em>πρηγμάτων.</em></span> <span class='ocrx_word' id='word_1_108' title='bbox 1061 1125 1109 1169; x_wconf 83' lang='grc' dir='ltr'><em>τὸ</em></span> <span class='ocrx_word' id='word_1_109' title='bbox 1145 1124 1186 1168; x_wconf 72' lang='grc' dir='ltr'><em>δ’</em></span> <span class='ocrx_word' id='word_1_110' title='bbox 1211 1123 1261 1169; x_wconf 78' lang='grc' dir='ltr'><em>ἂν</em></span> <span class='ocrx_word' id='word_1_111' title='bbox 1294 1122 1375 1181; x_wconf 77' lang='grc' dir='ltr'><em>ἅδῃ</em></span> <span class='ocrx_word' id='word_1_112' title='bbox 1415 1141 1497 1182; x_wconf 91' lang='grc' dir='ltr'><em>σφι</em></span> 
     </span>
     <span class='ocr_line' id='line_1_15' title="bbox 127 1191 1495 1252; baseline -0.003 -14"><span class='ocrx_word' id='word_1_113' title='bbox 127 1197 499 1251; x_wconf 81' lang='grc' dir='ltr'><em>βουλευομένοισι,</em></span> <span class='ocrx_word' id='word_1_114' title='bbox 538 1200 667 1238; x_wconf 86' lang='grc' dir='ltr'><em>τοῦτο</em></span> <span class='ocrx_word' id='word_1_115' title='bbox 698 1199 749 1252; x_wconf 83' lang='grc' dir='ltr'><em>τῇ</em></span> <span class='ocrx_word' id='word_1_116' title='bbox 781 1193 985 1251; x_wconf 74' lang='grc' dir='ltr'><em>ὑστεραίῃ</em></span> <span class='ocrx_word' id='word_1_117' title='bbox 1017 1195 1206 1251; x_wconf 77' lang='grc' dir='ltr'><em>νήφουσι</em></span> <span class='ocrx_word' id='word_1_118' title='bbox 1236 1197 1449 1250; x_wconf 83' lang='grc' dir='ltr'><em>προτιθεῖ</em></span> <span class='ocrx_word' id='word_1_119' title='bbox 1473 1191 1495 1235; x_wconf 80' lang='grc' dir='ltr'><em>ὁ</em></span> 
     </span>
     <span class='ocr_line' id='line_1_16' title="bbox 129 1257 1495 1319; baseline -0.003 -13"><span class='ocrx_word' id='word_1_120' title='bbox 129 1267 371 1319; x_wconf 77' lang='grc' dir='ltr'><em>στέγαρχος,</em></span> <span class='ocrx_word' id='word_1_121' title='bbox 401 1263 442 1305; x_wconf 75' lang='grc' dir='ltr'><em>ἐν</em></span> <span class='ocrx_word' id='word_1_122' title='bbox 467 1268 543 1306; x_wconf 86' lang='grc' dir='ltr'><em>τοῦ</em></span> <span class='ocrx_word' id='word_1_123' title='bbox 571 1262 620 1305; x_wconf 75' lang='grc' dir='ltr'><em>ἂν</em></span> <span class='ocrx_word' id='word_1_124' title='bbox 648 1263 788 1314; x_wconf 73' lang='grc' dir='ltr'><em>ἐόντες</em></span> <span class='ocrx_word' id='word_1_125' title='bbox 811 1263 1126 1317; x_wconf 76' lang='grc' dir='ltr'><em>βουλεύωνται·</em></span> <span class='ocrx_word' id='word_1_126' title='bbox 1153 1263 1224 1304; x_wconf 84' lang='grc' dir='ltr'><em>καὶ</em></span> <span class='ocrx_word' id='word_1_127' title='bbox 1249 1259 1298 1318; x_wconf 76' lang='grc' dir='ltr'><em>ἢν</em></span> <span class='ocrx_word' id='word_1_128' title='bbox 1317 1261 1393 1315; x_wconf 77' lang='grc' dir='ltr'><em>μὲν</em></span> <span class='ocrx_word' id='word_1_129' title='bbox 1414 1257 1495 1317; x_wconf 76' lang='grc' dir='ltr'><em>ἅδῃ</em></span> 
     </span>
     <span class='ocr_line' id='line_1_17' title="bbox 125 1327 1498 1388; baseline -0.002 -14"><span class='ocrx_word' id='word_1_130' title='bbox 125 1333 197 1373; x_wconf 85' lang='grc' dir='ltr'><em>καὶ</em></span> <span class='ocrx_word' id='word_1_131' title='bbox 221 1331 420 1388; x_wconf 84' lang='grc' dir='ltr'><em>νήφουσι,</em></span> <span class='ocrx_word' id='word_1_132' title='bbox 446 1335 643 1388; x_wconf 88' lang='grc' dir='ltr'><em>χρέονται</em></span> <span class='ocrx_word' id='word_1_133' title='bbox 672 1329 802 1386; x_wconf 74' lang='grc' dir='ltr'><em>αὐτῷ,</em></span> <span class='ocrx_word' id='word_1_134' title='bbox 830 1328 880 1387; x_wconf 78' lang='grc' dir='ltr'><em>ἢν</em></span> <span class='ocrx_word' id='word_1_135' title='bbox 907 1331 953 1373; x_wconf 78' lang='grc' dir='ltr'><em>δὲ</em></span> <span class='ocrx_word' id='word_1_136' title='bbox 978 1329 1035 1386; x_wconf 79' lang='grc' dir='ltr'><em>μη</em></span> <span class='ocrx_word' id='word_1_137' title='bbox 1063 1327 1165 1386; x_wconf 79' lang='grc' dir='ltr'><em>ἅδῃ,</em></span> <span class='ocrx_word' id='word_1_138' title='bbox 1192 1338 1392 1383; x_wconf 87' lang='grc' dir='ltr'><em>μετιεῖσι.</em></span> <span class='ocrx_word' id='word_1_139' title='bbox 1443 1328 1498 1371; x_wconf 83' lang='grc' dir='ltr'><em>τὰ</em></span> 
     </span>
     <span class='ocr_line' id='line_1_18' title="bbox 127 1396 1498 1456; baseline -0.001 -15"><span class='ocrx_word' id='word_1_140' title='bbox 127 1396 234 1441; x_wconf 76' lang='grc' dir='ltr'><em>δ’ἂν</em></span> <span class='ocrx_word' id='word_1_141' title='bbox 259 1399 468 1456; x_wconf 78' lang='grc' dir='ltr'><em>νήφοντες</em></span> <span class='ocrx_word' id='word_1_142' title='bbox 500 1399 929 1454; x_wconf 80' lang='grc' dir='ltr'><em>προβουλεύσωνται,</em></span> <span class='ocrx_word' id='word_1_143' title='bbox 968 1398 1293 1452; x_wconf 82' lang='grc' dir='ltr'><em>μεθυσκόμενοι</em></span> <span class='ocrx_word' id='word_1_144' title='bbox 1325 1396 1498 1440; x_wconf 77' lang='grc' dir='ltr'><em>ἐπιδια-</em></span> 
     </span>
     <span class='ocr_line' id='line_1_19' title="bbox 124 1462 1571 1523; baseline -0.001 -14"><span class='ocrx_word' id='word_1_145' title='bbox 124 1467 398 1523; x_wconf 81' lang='grc' dir='ltr'><em>γινώσκουσι.</em></span> <span class='ocrx_word' id='word_1_146' title='bbox 433 1468 816 1523; x_wconf 82' lang='grc' dir='ltr'><em>συντυγχάνοντας</em></span> <span class='ocrx_word' id='word_1_147' title='bbox 835 1465 874 1509; x_wconf 74' lang='grc' dir='ltr'><em>δ’</em></span> <span class='ocrx_word' id='word_1_148' title='bbox 893 1464 1118 1522; x_wconf 76' lang='grc' dir='ltr'><em>ἀλλήλοισι</em></span> <span class='ocrx_word' id='word_1_149' title='bbox 1144 1464 1185 1507; x_wconf 76' lang='grc' dir='ltr'><em>ἓν</em></span> <span class='ocrx_word' id='word_1_150' title='bbox 1210 1470 1310 1522; x_wconf 82' lang='grc' dir='ltr'><em>τῇσι</em></span> <span class='ocrx_word' id='word_1_151' title='bbox 1337 1462 1492 1515; x_wconf 81' lang='grc' dir='ltr'><em>ὁδοῖσι,</em></span> <span class='ocrx_word' id='word_1_152' title='bbox 1523 1477 1571 1502; x_wconf 79' lang='lat'><em>134</em></span> 
     </span>
     <span class='ocr_line' id='line_1_20' title="bbox 124 1531 1495 1591; baseline -0.003 -13"><span class='ocrx_word' id='word_1_153' title='bbox 124 1537 237 1591; x_wconf 84' lang='grc' dir='ltr'><em>τῶδε</em></span> <span class='ocrx_word' id='word_1_154' title='bbox 264 1533 315 1578; x_wconf 76' lang='grc' dir='ltr'><em>ἄν</em></span> <span class='ocrx_word' id='word_1_155' title='bbox 342 1552 406 1585; x_wconf 92' lang='grc' dir='ltr'><em>τις</em></span> <span class='ocrx_word' id='word_1_156' title='bbox 433 1536 627 1591; x_wconf 80' lang='grc' dir='ltr'><em>διαγνοίη</em></span> <span class='ocrx_word' id='word_1_157' title='bbox 658 1535 694 1577; x_wconf 88' lang='grc' dir='ltr'><em>εἰ</em></span> <span class='ocrx_word' id='word_1_158' title='bbox 722 1533 871 1588; x_wconf 82' lang='grc' dir='ltr'><em>ὃιιοῐοί</em></span> <span class='ocrx_word' id='word_1_159' title='bbox 897 1535 983 1577; x_wconf 91' lang='grc' dir='ltr'><em>εἰσι</em></span> <span class='ocrx_word' id='word_1_160' title='bbox 1012 1534 1073 1591; x_wconf 78' lang='grc' dir='ltr'><em>[οι</em></span> <span class='ocrx_word' id='word_1_161' title='bbox 1099 1531 1495 1589; x_wconf 85' lang='grc' dir='ltr'><em>συντυγχάνοντες]·</em></span> 
     </span>
     <span class='ocr_line' id='line_1_21' title="bbox 128 1599 1497 1659; baseline -0.003 -14"><span class='ocrx_word' id='word_1_162' title='bbox 128 1603 221 1645; x_wconf 80' lang='grc' dir='ltr'><em>ἀντὶ</em></span> <span class='ocrx_word' id='word_1_163' title='bbox 247 1602 327 1659; x_wconf 83' lang='grc' dir='ltr'><em>γὰρ</em></span> <span class='ocrx_word' id='word_1_164' title='bbox 347 1607 424 1645; x_wconf 85' lang='grc' dir='ltr'><em>τοῦ</em></span> <span class='ocrx_word' id='word_1_165' title='bbox 446 1603 785 1659; x_wconf 63' lang='grc' dir='ltr'><em>προσαγορεύειν</em></span> <span class='ocrx_word' id='word_1_166' title='bbox 807 1600 1017 1658; x_wconf 77' lang='grc' dir='ltr'><em>ἀλληλους</em></span> <span class='ocrx_word' id='word_1_167' title='bbox 1038 1603 1240 1658; x_wconf 81' lang='grc' dir='ltr'><em>φιλέουσι</em></span> <span class='ocrx_word' id='word_1_168' title='bbox 1259 1608 1376 1643; x_wconf 86' lang='grc' dir='ltr'><em>τοῖσι</em></span> <span class='ocrx_word' id='word_1_169' title='bbox 1396 1599 1497 1642; x_wconf 89' lang='grc' dir='ltr'><em>στό-</em></span> 
     </span>
     <span class='ocr_line' id='line_1_22' title="bbox 127 1666 1498 1727; baseline -0.004 -14"><span class='ocrx_word' id='word_1_170' title='bbox 127 1687 250 1725; x_wconf 89' lang='grc' dir='ltr'><em>μασι.</em></span> <span class='ocrx_word' id='word_1_171' title='bbox 282 1668 332 1726; x_wconf 77' lang='grc' dir='ltr'><em>ἤν</em></span> <span class='ocrx_word' id='word_1_172' title='bbox 359 1671 403 1712; x_wconf 84' lang='grc' dir='ltr'><em>δὲ</em></span> <span class='ocrx_word' id='word_1_173' title='bbox 428 1672 452 1727; x_wconf 84' lang='grc' dir='ltr'><em>ᾐ</em></span> <span class='ocrx_word' id='word_1_174' title='bbox 482 1667 658 1726; x_wconf 67' lang='grc' dir='ltr'><em>οὕτερος</em></span> <span class='ocrx_word' id='word_1_175' title='bbox 685 1668 997 1726; x_wconf 81' lang='grc' dir='ltr'><em>υποδεέστερος</em></span> <span class='ocrx_word' id='word_1_176' title='bbox 1024 1668 1174 1725; x_wconf 83' lang='grc' dir='ltr'><em>ὀλίγω,</em></span> <span class='ocrx_word' id='word_1_177' title='bbox 1207 1685 1285 1719; x_wconf 86' lang='grc' dir='ltr'><em>τας</em></span> <span class='ocrx_word' id='word_1_178' title='bbox 1312 1666 1498 1722; x_wconf 84' lang='grc' dir='ltr'><em>παρειὰς</em></span> 
     </span>
     <span class='ocr_line' id='line_1_23' title="bbox 129 1735 1498 1796; baseline -0.003 -15"><span class='ocrx_word' id='word_1_179' title='bbox 129 1740 373 1796; x_wconf 80' lang='grc' dir='ltr'><em>φιλέονται·</em></span> <span class='ocrx_word' id='word_1_180' title='bbox 410 1736 459 1794; x_wconf 71' lang='grc' dir='ltr'><em>ἢν</em></span> <span class='ocrx_word' id='word_1_181' title='bbox 493 1739 537 1780; x_wconf 90' lang='grc' dir='ltr'><em>δε</em></span> <span class='ocrx_word' id='word_1_182' title='bbox 569 1740 717 1794; x_wconf 84' lang='grc' dir='ltr'><em>πολλω</em></span> <span class='ocrx_word' id='word_1_183' title='bbox 749 1756 774 1795; x_wconf 78' lang='grc' dir='ltr'>ῃ</span> <span class='ocrx_word' id='word_1_184' title='bbox 810 1735 986 1795; x_wconf 69' lang='grc' dir='ltr'><em>οὕτερος</em></span> <span class='ocrx_word' id='word_1_185' title='bbox 1024 1735 1317 1793; x_wconf 78' lang='grc' dir='ltr'><em>ἆγενέστερος,</em></span> <span class='ocrx_word' id='word_1_186' title='bbox 1358 1750 1498 1791; x_wconf 82' lang='grc' dir='ltr'><em>προσ·</em></span> 
     </span>
     <span class='ocr_line' id='line_1_24' title="bbox 129 1803 1496 1862; baseline -0.004 -12"><span class='ocrx_word' id='word_1_187' title='bbox 129 1811 305 1850; x_wconf 81' lang='grc' dir='ltr'><em>πίπτων</em></span> <span class='ocrx_word' id='word_1_188' title='bbox 331 1809 587 1862; x_wconf 81' lang='grc' dir='ltr'><em>προσκυνέει</em></span> <span class='ocrx_word' id='word_1_189' title='bbox 618 1805 691 1849; x_wconf 82' lang='grc' dir='ltr'><em>τὸν</em></span> <span class='ocrx_word' id='word_1_190' title='bbox 724 1806 879 1861; x_wconf 73' lang='grc' dir='ltr'><em>ἕτερον.</em></span> <span class='ocrx_word' id='word_1_191' title='bbox 941 1809 1142 1859; x_wconf 89' lang='grc' dir='ltr'><em>τιμέουσι</em></span> <span class='ocrx_word' id='word_1_192' title='bbox 1174 1805 1220 1846; x_wconf 83' lang='grc' dir='ltr'><em>δὲ</em></span> <span class='ocrx_word' id='word_1_193' title='bbox 1253 1803 1296 1846; x_wconf 75' lang='grc' dir='ltr'><em>ἐκ</em></span> <span class='ocrx_word' id='word_1_194' title='bbox 1322 1804 1496 1846; x_wconf 86' lang='grc' dir='ltr'><em>πάντων</em></span> 
     </span>
     <span class='ocr_line' id='line_1_25' title="bbox 128 1871 1498 1930; baseline -0.004 -13"><span class='ocrx_word' id='word_1_195' title='bbox 128 1874 229 1925; x_wconf 79' lang='grc' dir='ltr'><em>τοὺς</em></span> <span class='ocrx_word' id='word_1_196' title='bbox 255 1872 436 1930; x_wconf 79' lang='grc' dir='ltr'><em>ἄγχιστα</em></span> <span class='ocrx_word' id='word_1_197' title='bbox 461 1872 632 1916; x_wconf 79' lang='grc' dir='ltr'><em>ἑωυτῶν</em></span> <span class='ocrx_word' id='word_1_198' title='bbox 655 1874 873 1923; x_wconf 81' lang='grc' dir='ltr'><em>οἰκέοντας</em></span> <span class='ocrx_word' id='word_1_199' title='bbox 892 1874 1001 1927; x_wconf 87' lang='grc' dir='ltr'><em>μετά</em></span> <span class='ocrx_word' id='word_1_200' title='bbox 1021 1890 1067 1929; x_wconf 79' lang='grc' dir='ltr'><em>γε</em></span> <span class='ocrx_word' id='word_1_201' title='bbox 1089 1871 1288 1923; x_wconf 78' lang='grc' dir='ltr'><em>ἑωυτούς,</em></span> <span class='ocrx_word' id='word_1_202' title='bbox 1318 1871 1498 1926; x_wconf 81' lang='grc' dir='ltr'><em>δεύτερα</em></span> 
     </span>
     <span class='ocr_line' id='line_1_26' title="bbox 130 1940 1498 1997; baseline -0.003 -13"><span class='ocrx_word' id='word_1_203' title='bbox 130 1943 178 1985; x_wconf 83' lang='grc' dir='ltr'><em>δὲ</em></span> <span class='ocrx_word' id='word_1_204' title='bbox 196 1941 297 1992; x_wconf 79' lang='grc' dir='ltr'><em>τοὺς</em></span> <span class='ocrx_word' id='word_1_205' title='bbox 318 1942 560 1996; x_wconf 84' lang='grc' dir='ltr'><em>δευτέρους·</em></span> <span class='ocrx_word' id='word_1_206' title='bbox 587 1940 696 1994; x_wconf 80' lang='grc' dir='ltr'><em>μετὰ</em></span> <span class='ocrx_word' id='word_1_207' title='bbox 719 1941 764 1982; x_wconf 84' lang='grc' dir='ltr'><em>δὲ</em></span> <span class='ocrx_word' id='word_1_208' title='bbox 783 1940 891 1983; x_wconf 82' lang='grc' dir='ltr'><em>κατὰ</em></span> <span class='ocrx_word' id='word_1_209' title='bbox 912 1941 1036 1997; x_wconf 85' lang='grc' dir='ltr'><em>λόγον</em></span> <span class='ocrx_word' id='word_1_210' title='bbox 1057 1943 1366 1995; x_wconf 81' lang='grc' dir='ltr'><em>προβαίνοντες</em></span> <span class='ocrx_word' id='word_1_211' title='bbox 1380 1941 1498 1992; x_wconf 88' lang='grc' dir='ltr'><em>τιμέ-</em></span> 
     </span>
     <span class='ocr_line' id='line_1_27' title="bbox 132 2006 1498 2067; baseline -0.003 -15"><span class='ocrx_word' id='word_1_212' title='bbox 132 2023 250 2053; x_wconf 89' lang='grc' dir='ltr'><em>ουσι·</em></span> <span class='ocrx_word' id='word_1_213' title='bbox 276 2007 430 2067; x_wconf 78' lang='grc' dir='ltr'><em>ἥκιστα</em></span> <span class='ocrx_word' id='word_1_214' title='bbox 450 2009 497 2051; x_wconf 85' lang='grc' dir='ltr'><em>δὲ</em></span> <span class='ocrx_word' id='word_1_215' title='bbox 516 2008 616 2059; x_wconf 72' lang='grc' dir='ltr'><em>τοὺς</em></span> <span class='ocrx_word' id='word_1_216' title='bbox 631 2008 804 2051; x_wconf 81' lang='grc' dir='ltr'><em>ἑωυτῶν</em></span> <span class='ocrx_word' id='word_1_217' title='bbox 825 2008 1045 2051; x_wconf 77' lang='grc' dir='ltr'><em>ἑκαστάτω</em></span> <span class='ocrx_word' id='word_1_218' title='bbox 1063 2008 1314 2064; x_wconf 84' lang='grc' dir='ltr'><em>οἰκημένους</em></span> <span class='ocrx_word' id='word_1_219' title='bbox 1334 2006 1376 2049; x_wconf 71' lang='grc' dir='ltr'><em>ἓν</em></span> <span class='ocrx_word' id='word_1_220' title='bbox 1396 2009 1498 2062; x_wconf 81' lang='grc' dir='ltr'><em>τιμῇ</em></span> 
     </span>
     <span class='ocr_line' id='line_1_28' title="bbox 132 2074 1500 2134; baseline -0.004 -13"><span class='ocrx_word' id='word_1_221' title='bbox 132 2077 328 2134; x_wconf 75' lang='grc' dir='ltr'><em>ἄγονται,</em></span> <span class='ocrx_word' id='word_1_222' title='bbox 361 2077 605 2131; x_wconf 85' lang='grc' dir='ltr'><em>νομίζοντες</em></span> <span class='ocrx_word' id='word_1_223' title='bbox 636 2074 823 2127; x_wconf 75' lang='grc' dir='ltr'><em>ἑωυτοὺς</em></span> <span class='ocrx_word' id='word_1_224' title='bbox 849 2074 959 2119; x_wconf 81' lang='grc' dir='ltr'><em>εἶναι</em></span> <span class='ocrx_word' id='word_1_225' title='bbox 985 2074 1238 2133; x_wconf 75' lang='grc' dir='ltr'><em>ἀνθρώπων</em></span> <span class='ocrx_word' id='word_1_226' title='bbox 1269 2078 1419 2130; x_wconf 74' lang='grc' dir='ltr'><em>μακρῷ</em></span> <span class='ocrx_word' id='word_1_227' title='bbox 1446 2074 1500 2116; x_wconf 79' lang='grc' dir='ltr'><em>τὰ</em></span> 
     </span>
     <span class='ocr_line' id='line_1_29' title="bbox 132 2140 1490 2201; baseline -0.007 -11"><span class='ocrx_word' id='word_1_228' title='bbox 132 2147 277 2189; x_wconf 85' lang='grc' dir='ltr'><em>πάντα</em></span> <span class='ocrx_word' id='word_1_229' title='bbox 292 2142 618 2201; x_wconf 61' lang='grc' dir='ltr'><em>ἆρίστουςπους·</em></span> <span class='ocrx_word' id='word_1_230' title='bbox 632 2146 674 2186; x_wconf 72' lang='grc' dir='ltr'><em>δὲ</em></span> <span class='ocrx_word' id='word_1_231' title='bbox 685 2144 835 2195; x_wconf 70' lang='grc' dir='ltr'><em>ἄλλους</em></span> <span class='ocrx_word' id='word_1_232' title='bbox 847 2143 954 2186; x_wconf 75' lang='grc' dir='ltr'><em>κατὰ</em></span> <span class='ocrx_word' id='word_1_233' title='bbox 969 2145 1095 2200; x_wconf 85' lang='grc' dir='ltr'><em>λόγον</em></span> <span class='ocrx_word' id='word_1_234' title='bbox 1113 2141 1200 2186; x_wconf 83' lang='grc' dir='ltr'><em>τὸν</em></span> <span class='ocrx_word' id='word_1_235' title='bbox 1219 2140 1371 2197; x_wconf 87' lang='grc' dir='ltr'><em>λεγόμ</em></span> <span class='ocrx_word' id='word_1_236' title='bbox 1382 2156 1429 2183; x_wconf 90' lang='grc' dir='ltr'><em>εν</em></span> <span class='ocrx_word' id='word_1_237' title='bbox 1440 2155 1490 2181; x_wconf 82' lang='grc' dir='ltr'><em>ον</em></span> 
     </span>
     <span class='ocr_line' id='line_1_30' title="bbox 133 2204 1497 2271; baseline -0.006 -14"><span class='ocrx_word' id='word_1_238' title='bbox 133 2219 209 2271; x_wconf 75' lang='grc' dir='ltr'><em>τῆς</em></span> <span class='ocrx_word' id='word_1_239' title='bbox 235 2212 388 2269; x_wconf 77' lang='grc' dir='ltr'><em>ἀρετῆς</em></span> <span class='ocrx_word' id='word_1_240' title='bbox 414 2210 692 2266; x_wconf 74' lang='grc' dir='ltr'><em>ἀντέχεσθαι,</em></span> <span class='ocrx_word' id='word_1_241' title='bbox 726 2209 828 2261; x_wconf 79' lang='grc' dir='ltr'><em>τοὺς</em></span> <span class='ocrx_word' id='word_1_242' title='bbox 855 2211 900 2253; x_wconf 83' lang='grc' dir='ltr'><em>δὲ</em></span> <span class='ocrx_word' id='word_1_243' title='bbox 928 2209 1148 2252; x_wconf 82' lang='grc' dir='ltr'><em>ἑκαστάτω</em></span> <span class='ocrx_word' id='word_1_244' title='bbox 1178 2208 1397 2258; x_wconf 81' lang='grc' dir='ltr'><em>οἰκέοντας</em></span> <span class='ocrx_word' id='word_1_245' title='bbox 1423 2204 1497 2248; x_wconf 75' lang='grc' dir='ltr'><em>ἀπ’</em></span> 
     </span>
     <span class='ocr_line' id='line_1_31' title="bbox 135 2275 1502 2334; baseline -0.007 -10"><span class='ocrx_word' id='word_1_246' title='bbox 135 2282 308 2324; x_wconf 86' lang='grc' dir='ltr'><em>εωυτῶν</em></span> <span class='ocrx_word' id='word_1_247' title='bbox 343 2284 570 2331; x_wconf 89' lang='grc' dir='ltr'><em>κακίστους</em></span> <span class='ocrx_word' id='word_1_248' title='bbox 609 2277 732 2322; x_wconf 86' lang='grc' dir='ltr'><em>εἰναι.</em></span> <span class='ocrx_word' id='word_1_249' title='bbox 794 2295 825 2320; x_wconf 89' lang='grc' dir='ltr'><em>ε</em></span> <span class='ocrx_word' id='word_1_250' title='bbox 821 2279 868 2320; x_wconf 85' lang='grc' dir='ltr'><em>τὶ</em></span> <span class='ocrx_word' id='word_1_251' title='bbox 902 2279 948 2320; x_wconf 80' lang='grc' dir='ltr'><em>δὲ</em></span> <span class='ocrx_word' id='word_1_252' title='bbox 980 2278 1137 2334; x_wconf 85' lang='grc' dir='ltr'><em>Μηδων</em></span> <span class='ocrx_word' id='word_1_253' title='bbox 1177 2275 1393 2332; x_wconf 72' lang='grc' dir='ltr'><em>ἀρχόντων</em></span> <span class='ocrx_word' id='word_1_254' title='bbox 1429 2276 1502 2315; x_wconf 81' lang='grc' dir='ltr'><em>καὶ</em></span> 
     </span>
     <span class='ocr_line' id='line_1_32' title="bbox 135 2344 1503 2406; baseline -0.006 -13.911"><span class='ocrx_word' id='word_1_255' title='bbox 135 2352 236 2406; x_wconf 81' lang='grc' dir='ltr'><em>ἠρχε</em></span> <span class='ocrx_word' id='word_1_256' title='bbox 260 2347 314 2391; x_wconf 80' lang='grc' dir='ltr'><em>τὰ</em></span> <span class='ocrx_word' id='word_1_257' title='bbox 341 2348 472 2391; x_wconf 84' lang='grc' dir='ltr'><em>έθνεα</em></span> <span class='ocrx_word' id='word_1_258' title='bbox 498 2346 704 2403; x_wconf 81' lang='grc' dir='ltr'><em>ἀλληλων,</em></span> <span class='ocrx_word' id='word_1_259' title='bbox 739 2346 1021 2389; x_wconf 86' lang='grc' dir='ltr'><em>συναπάντων</em></span> <span class='ocrx_word' id='word_1_260' title='bbox 1046 2346 1122 2399; x_wconf 86' lang='grc' dir='ltr'><em>μὲν</em></span> <span class='ocrx_word' id='word_1_261' title='bbox 1148 2345 1291 2401; x_wconf 73' lang='grc' dir='ltr'><em>Μῆδοι</em></span> <span class='ocrx_word' id='word_1_262' title='bbox 1321 2344 1393 2384; x_wconf 87' lang='grc' dir='ltr'><em>καὶ</em></span> <span class='ocrx_word' id='word_1_263' title='bbox 1417 2346 1503 2384; x_wconf 86' lang='grc' dir='ltr'><em>τῶν</em></span> 
     </span>
     <span class='ocr_line' id='line_1_33' title="bbox 138 2409 1505 2473; baseline -0.007 -14"><span class='ocrx_word' id='word_1_264' title='bbox 138 2415 321 2473; x_wconf 77' lang='grc' dir='ltr'><em>ἄγχιστα</em></span> <span class='ocrx_word' id='word_1_265' title='bbox 347 2416 572 2458; x_wconf 86' lang='grc' dir='ltr'><em>οἰκεόντων</em></span> <span class='ocrx_word' id='word_1_266' title='bbox 599 2420 744 2471; x_wconf 90' lang='grc' dir='ltr'><em>σφίσι,</em></span> <span class='ocrx_word' id='word_1_267' title='bbox 786 2415 908 2456; x_wconf 84' lang='grc' dir='ltr'><em>οὑτοι</em></span> <span class='ocrx_word' id='word_1_268' title='bbox 933 2414 979 2456; x_wconf 82' lang='grc' dir='ltr'><em>δὲ</em></span> <span class='ocrx_word' id='word_1_269' title='bbox 1004 2415 1075 2455; x_wconf 84' lang='grc' dir='ltr'><em>καὶ</em></span> <span class='ocrx_word' id='word_1_270' title='bbox 1100 2416 1185 2454; x_wconf 92' lang='grc' dir='ltr'><em>τῶν</em></span> <span class='ocrx_word' id='word_1_271' title='bbox 1217 2409 1426 2466; x_wconf 78' lang='grc' dir='ltr'><em>ὃιιοιρων,</em></span> <span class='ocrx_word' id='word_1_272' title='bbox 1462 2409 1505 2451; x_wconf 79' lang='grc' dir='ltr'><em>οἱ</em></span> 
     </span>
     <span class='ocr_line' id='line_1_34' title="bbox 140 2479 1505 2539; baseline -0.007 -11"><span class='ocrx_word' id='word_1_273' title='bbox 140 2486 187 2528; x_wconf 81' lang='grc' dir='ltr'><em>δὲ</em></span> <span class='ocrx_word' id='word_1_274' title='bbox 211 2485 329 2539; x_wconf 85' lang='grc' dir='ltr'><em>μάλα</em></span> <span class='ocrx_word' id='word_1_275' title='bbox 353 2488 438 2527; x_wconf 88' lang='grc' dir='ltr'><em>τῶν</em></span> <span class='ocrx_word' id='word_1_276' title='bbox 464 2482 692 2537; x_wconf 86' lang='grc' dir='ltr'><em>εχομένων·</em></span> <span class='ocrx_word' id='word_1_277' title='bbox 730 2481 839 2524; x_wconf 84' lang='grc' dir='ltr'><em>κατὰ</em></span> <span class='ocrx_word' id='word_1_278' title='bbox 869 2479 942 2523; x_wconf 84' lang='grc' dir='ltr'><em>τὸν</em></span> <span class='ocrx_word' id='word_1_279' title='bbox 975 2479 1104 2523; x_wconf 76' lang='grc' dir='ltr'><em>αὐτὸν</em></span> <span class='ocrx_word' id='word_1_280' title='bbox 1137 2480 1183 2521; x_wconf 83' lang='grc' dir='ltr'><em>δὲ</em></span> <span class='ocrx_word' id='word_1_281' title='bbox 1208 2479 1334 2534; x_wconf 84' lang='grc' dir='ltr'><em>λόγον</em></span> <span class='ocrx_word' id='word_1_282' title='bbox 1364 2479 1437 2519; x_wconf 86' lang='grc' dir='ltr'><em>καὶ</em></span> <span class='ocrx_word' id='word_1_283' title='bbox 1463 2494 1505 2519; x_wconf 94' lang='grc' dir='ltr'><em>οι</em></span> 
     </span>
     <span class='ocr_line' id='line_1_35' title="bbox 139 2545 1503 2611; baseline -0.007 -15"><span class='ocrx_word' id='word_1_284' title='bbox 139 2556 304 2611; x_wconf 85' lang='grc' dir='ltr'><em>Πέρσαι</em></span> <span class='ocrx_word' id='word_1_285' title='bbox 324 2555 542 2606; x_wconf 82' lang='grc' dir='ltr'><em>τιμέουσι·</em></span> <span class='ocrx_word' id='word_1_286' title='bbox 570 2554 802 2606; x_wconf 80' lang='grc' dir='ltr'><em>προέβαινε</em></span> <span class='ocrx_word' id='word_1_287' title='bbox 827 2548 907 2605; x_wconf 79' lang='grc' dir='ltr'><em>γὰρ</em></span> <span class='ocrx_word' id='word_1_288' title='bbox 930 2547 979 2604; x_wconf 73' lang='grc' dir='ltr'><em>δὴ</em></span> <span class='ocrx_word' id='word_1_289' title='bbox 999 2547 1048 2590; x_wconf 87' lang='grc' dir='ltr'><em>τὸ</em></span> <span class='ocrx_word' id='word_1_290' title='bbox 1069 2547 1199 2597; x_wconf 76' lang='grc' dir='ltr'><em>ἔθνος</em></span> <span class='ocrx_word' id='word_1_291' title='bbox 1220 2545 1351 2603; x_wconf 72' lang='grc' dir='ltr'><em>ἄρχον.</em></span> <span class='ocrx_word' id='word_1_292' title='bbox 1368 2562 1413 2588; x_wconf 91' lang='grc' dir='ltr'><em>τε</em></span> <span class='ocrx_word' id='word_1_293' title='bbox 1432 2546 1503 2587; x_wconf 86' lang='grc' dir='ltr'><em>καὶ</em></span> 
     </span>
     <span class='ocr_line' id='line_1_36' title="bbox 141 2611 1579 2679; baseline -0.007 -15"><span class='ocrx_word' id='word_1_294' title='bbox 141 2621 444 2679; x_wconf 74' lang='grc' dir='ltr'><em>ἐπιτροπεῦον.</em></span> <span class='ocrx_word' id='word_1_295' title='bbox 500 2618 658 2671; x_wconf 79' lang='grc' dir='ltr'><em>ξεινικὰ</em></span> <span class='ocrx_word' id='word_1_296' title='bbox 691 2619 737 2661; x_wconf 85' lang='grc' dir='ltr'><em>δὲ</em></span> <span class='ocrx_word' id='word_1_297' title='bbox 768 2618 928 2672; x_wconf 86' lang='grc' dir='ltr'><em>νόμαια</em></span> <span class='ocrx_word' id='word_1_298' title='bbox 952 2620 1120 2673; x_wconf 88' lang='grc' dir='ltr'><em>Πέρσαι</em></span> <span class='ocrx_word' id='word_1_299' title='bbox 1151 2618 1405 2672; x_wconf 86' lang='grc' dir='ltr'><em>προσίενται</em></span> <span class='ocrx_word' id='word_1_300' title='bbox 1432 2611 1504 2655; x_wconf 66' lang='lat'>0²02-</span> <span class='ocrx_word' id='word_1_301' title='bbox 1531 2624 1579 2650; x_wconf 80' lang='lat'><em>135</em></span> 
     </span>
     <span class='ocr_line' id='line_1_37' title="bbox 143 2683 1505 2746; baseline -0.007 -14"><span class='ocrx_word' id='word_1_302' title='bbox 143 2690 255 2746; x_wconf 84' lang='grc' dir='ltr'><em>δρῶν</em></span> <span class='ocrx_word' id='word_1_303' title='bbox 268 2689 470 2744; x_wconf 87' lang='grc' dir='ltr'><em>μάλιστα.</em></span> <span class='ocrx_word' id='word_1_304' title='bbox 508 2689 579 2729; x_wconf 86' lang='grc' dir='ltr'><em>καὶ</em></span> <span class='ocrx_word' id='word_1_305' title='bbox 599 2685 678 2743; x_wconf 78' lang='grc' dir='ltr'><em>γὰρ</em></span> <span class='ocrx_word' id='word_1_306' title='bbox 701 2685 750 2742; x_wconf 78' lang='grc' dir='ltr'><em>δὴ</em></span> <span class='ocrx_word' id='word_1_307' title='bbox 770 2685 844 2743; x_wconf 79' lang='grc' dir='ltr'><em>τὴν</em></span> <span class='ocrx_word' id='word_1_308' title='bbox 858 2684 1051 2742; x_wconf 78' lang='grc' dir='ltr'><em>Μηδικὴν</em></span> <span class='ocrx_word' id='word_1_309' title='bbox 1067 2683 1235 2740; x_wconf 73' lang='grc' dir='ltr'><em>ἐσθῆτα</em></span> <span class='ocrx_word' id='word_1_310' title='bbox 1254 2685 1505 2737; x_wconf 86' lang='grc' dir='ltr'><em>νομίσαντες</em></span> 
     </span>
     <span class='ocr_line' id='line_1_38' title="bbox 143 2750 1507 2816; baseline -0.008 -14"><span class='ocrx_word' id='word_1_311' title='bbox 143 2763 219 2816; x_wconf 76' lang='grc' dir='ltr'><em>τῆς</em></span> <span class='ocrx_word' id='word_1_312' title='bbox 244 2757 414 2800; x_wconf 76' lang='grc' dir='ltr'><em>ἑωυτῶν</em></span> <span class='ocrx_word' id='word_1_313' title='bbox 441 2754 549 2799; x_wconf 80' lang='grc' dir='ltr'><em>εἶναι</em></span> <span class='ocrx_word' id='word_1_314' title='bbox 575 2756 733 2797; x_wconf 85' lang='grc' dir='ltr'><em>καλλίω</em></span> <span class='ocrx_word' id='word_1_315' title='bbox 761 2756 984 2811; x_wconf 82' lang='grc' dir='ltr'><em>φορέουσι,</em></span> <span class='ocrx_word' id='word_1_316' title='bbox 1013 2754 1083 2795; x_wconf 87' lang='grc' dir='ltr'><em>καὶ</em></span> <span class='ocrx_word' id='word_1_317' title='bbox 1106 2751 1148 2802; x_wconf 77' lang='grc' dir='ltr'><em>ἒς</em></span> <span class='ocrx_word' id='word_1_318' title='bbox 1166 2750 1268 2802; x_wconf 82' lang='grc' dir='ltr'><em>τοὺς</em></span> <span class='ocrx_word' id='word_1_319' title='bbox 1289 2751 1507 2803; x_wconf 81' lang='grc' dir='ltr'><em>πολέμους</em></span> 
     </span>
    </p>
   </div>
  </div>
 </body>
</html>
