<?xml version="1.0" encoding="UTF-8"?>
<!DOCTYPE html PUBLIC "-//W3C//DTD XHTML 1.0 Transitional//EN"
    "http://www.w3.org/TR/xhtml1/DTD/xhtml1-transitional.dtd">
<html xmlns="http://www.w3.org/1999/xhtml" xml:lang="en" lang="en">
 <head>
  <title>
</title>
<meta http-equiv="Content-Type" content="text/html;charset=utf-8" />
  <meta name='ocr-system' content='tesseract 3.04.00' />
  <meta name='ocr-capabilities' content='ocr_page ocr_carea ocr_par ocr_line ocrx_word'/>
</head>
<body>
  <div class='ocr_page' id='page_1' title='image "./herodotihistori01herouoft_0295.png"; bbox 0 0 1794 3282; ppageno 0'>
   <div class='ocr_carea' id='block_1_1' title="bbox 121 214 1483 348">
    <p class='ocr_par' dir='ltr' id='par_1_1' title="bbox 121 214 1483 348">
     <span class='ocr_line' id='line_1_1' title="bbox 495 214 1483 258; baseline -0.003 0"><span class='ocrx_word' id='word_1_1' title='bbox 495 223 812 258; x_wconf 84' lang='grc' dir='ltr'><strong>ΗΡΟΔΟΤΟΥ</strong></span> <span class='ocrx_word' id='word_1_2' title='bbox 841 224 881 257; x_wconf 89' lang='grc' dir='ltr'><strong><em>Γ.</em></strong></span> <span class='ocrx_word' id='word_1_3' title='bbox 909 224 1101 258; x_wconf 85' lang='grc'>143-146.</span> <span class='ocrx_word' id='word_1_4' title='bbox 1399 214 1483 256; x_wconf 76' lang='grc'><strong><em>239</em></strong></span> 
     </span>
     <span class='ocr_line' id='line_1_2' title="bbox 121 289 1481 348; baseline -0.001 -12"><span class='ocrx_word' id='word_1_5' title='bbox 121 296 384 336; x_wconf 77' lang='grc' dir='ltr'><strong><em>κατακτείνει</em></strong></span> <span class='ocrx_word' id='word_1_6' title='bbox 402 309 503 343; x_wconf 87' lang='grc' dir='ltr'><strong><em>τους</em></strong></span> <span class='ocrx_word' id='word_1_7' title='bbox 526 293 750 346; x_wconf 76' lang='grc' dir='ltr'><em>δεσμώτας</em></span> <span class='ocrx_word' id='word_1_8' title='bbox 772 290 1035 343; x_wconf 84' lang='grc' dir='ltr'><strong><em>πάντας·οὗ</em></strong></span> <span class='ocrx_word' id='word_1_9' title='bbox 1055 291 1135 348; x_wconf 85' lang='grc' dir='ltr'><strong><em>γὰρ</em></strong></span> <span class='ocrx_word' id='word_1_10' title='bbox 1157 291 1221 348; x_wconf 89' lang='grc' dir='ltr'><strong><em>δή,</em></strong></span> <span class='ocrx_word' id='word_1_11' title='bbox 1251 289 1309 343; x_wconf 75' lang='grc' dir='ltr'><strong><em>ὥς</em></strong></span> <span class='ocrx_word' id='word_1_12' title='bbox 1324 293 1481 343; x_wconf 76' lang='grc' dir='ltr'><strong><em>οἴκασι,</em></strong></span> 
     </span>
    </p>
   </div>
   <div class='ocr_carea' id='block_1_2' title="bbox 122 353 1558 416">
    <p class='ocr_par' dir='ltr' id='par_1_2' title="bbox 122 353 1558 416">
     <span class='ocr_line' id='line_1_3' title="bbox 122 353 1558 416; baseline -0.002 -12"><span class='ocrx_word' id='word_1_13' title='bbox 122 361 348 416; x_wconf 80' lang='grc' dir='ltr'><strong><em>ἐβούλοντο</em></strong></span> <span class='ocrx_word' id='word_1_14' title='bbox 382 358 492 403; x_wconf 81' lang='grc' dir='ltr'><strong><em>εἶναι</em></strong></span> <span class='ocrx_word' id='word_1_15' title='bbox 523 359 764 416; x_wconf 82' lang='grc' dir='ltr'><strong><em>ἐλεύθεροι.</em></strong></span> <span class='ocrx_word' id='word_1_16' title='bbox 826 359 977 416; x_wconf 80' lang='grc' dir='ltr'><strong><em>ἐπειδὴ</em></strong></span> <span class='ocrx_word' id='word_1_17' title='bbox 1011 353 1069 402; x_wconf 76' lang='grc' dir='ltr'><strong><em>ιῧν</em></strong></span> <span class='ocrx_word' id='word_1_18' title='bbox 1101 357 1308 402; x_wconf 79' lang='grc' dir='ltr'><em>ἀπίκοντο</em></span> <span class='ocrx_word' id='word_1_19' title='bbox 1342 358 1384 410; x_wconf 88' lang='grc' dir='ltr'><strong><em>ἐς</em></strong></span> <span class='ocrx_word' id='word_1_20' title='bbox 1408 358 1483 415; x_wconf 79' lang='grc' dir='ltr'><strong><em>τὴν</em></strong></span> <span class='ocrx_word' id='word_1_21' title='bbox 1508 371 1558 397; x_wconf 79' lang='lat'><strong><em>144</em></strong></span> 
     </span>
    </p>
   </div>
   <div class='ocr_carea' id='block_1_3' title="bbox 116 424 1499 2778">
    <p class='ocr_par' dir='ltr' id='par_1_3' title="bbox 116 424 1499 2778">
     <span class='ocr_line' id='line_1_4' title="bbox 121 424 1486 484; baseline -0.002 -12"><span class='ocrx_word' id='word_1_22' title='bbox 121 429 268 483; x_wconf 89' lang='grc' dir='ltr'><strong><em>Σάμον</em></strong></span> <span class='ocrx_word' id='word_1_23' title='bbox 300 428 342 471; x_wconf 80' lang='grc' dir='ltr'><strong><em>οἱ</em></strong></span> <span class='ocrx_word' id='word_1_24' title='bbox 373 431 539 482; x_wconf 84' lang='grc' dir='ltr'><strong><em>Πέρσαι</em></strong></span> <span class='ocrx_word' id='word_1_25' title='bbox 570 428 826 483; x_wconf 79' lang='grc' dir='ltr'><strong><em>κατάγοντες</em></strong></span> <span class='ocrx_word' id='word_1_26' title='bbox 856 429 1132 479; x_wconf 82' lang='grc' dir='ltr'><strong><em>Συλοσιῦντα,</em></strong></span> <span class='ocrx_word' id='word_1_27' title='bbox 1174 424 1272 470; x_wconf 79' lang='grc' dir='ltr'><strong><em>οὕτε</em></strong></span> <span class='ocrx_word' id='word_1_28' title='bbox 1301 431 1368 478; x_wconf 88' lang='grc' dir='ltr'><strong><em>τίς</em></strong></span> <span class='ocrx_word' id='word_1_29' title='bbox 1405 443 1486 484; x_wconf 72' lang='grc' dir='ltr'><strong><em>σφι</em></strong></span> 
     </span>
     <span class='ocr_line' id='line_1_5' title="bbox 118 493 1485 551; baseline -0.001 -12"><span class='ocrx_word' id='word_1_30' title='bbox 118 505 266 551; x_wconf 83' lang='grc' dir='ltr'><strong><em>χεῖρας</em></strong></span> <span class='ocrx_word' id='word_1_31' title='bbox 291 494 578 550; x_wconf 89' lang='grc' dir='ltr'><strong><em>ἀνταείρεται,</em></strong></span> <span class='ocrx_word' id='word_1_32' title='bbox 613 493 893 538; x_wconf 77' lang='grc' dir='ltr'><strong><em>ὑπόσπονδοί</em></strong></span> <span class='ocrx_word' id='word_1_33' title='bbox 915 511 962 537; x_wconf 88' lang='grc' dir='ltr'><strong><em>τε</em></strong></span> <span class='ocrx_word' id='word_1_34' title='bbox 988 494 1155 551; x_wconf 71' lang='grc' dir='ltr'><strong><em>ἔφασαν</em></strong></span> <span class='ocrx_word' id='word_1_35' title='bbox 1181 493 1290 537; x_wconf 84' lang='grc' dir='ltr'><strong><em>εἶναι</em></strong></span> <span class='ocrx_word' id='word_1_36' title='bbox 1317 494 1485 548; x_wconf 77' lang='grc' dir='ltr'><strong><em>ἑτοῖμοι</em></strong></span> 
     </span>
     <span class='ocr_line' id='line_1_6' title="bbox 122 560 1486 619; baseline -0.001 -13"><span class='ocrx_word' id='word_1_37' title='bbox 122 563 164 607; x_wconf 81' lang='grc' dir='ltr'><strong><em>οἱ</em></strong></span> <span class='ocrx_word' id='word_1_38' title='bbox 187 568 265 606; x_wconf 85' lang='grc' dir='ltr'><strong><em>τοῦ</em></strong></span> <span class='ocrx_word' id='word_1_39' title='bbox 291 564 560 619; x_wconf 77' lang='grc' dir='ltr'><strong><em>Μαιανδρίου</em></strong></span> <span class='ocrx_word' id='word_1_40' title='bbox 594 567 837 606; x_wconf 79' lang='grc' dir='ltr'><strong><em>στασιῶται</em></strong></span> <span class='ocrx_word' id='word_1_41' title='bbox 867 564 938 604; x_wconf 84' lang='grc' dir='ltr'><strong><em>καὶ</em></strong></span> <span class='ocrx_word' id='word_1_42' title='bbox 964 560 1095 613; x_wconf 79' lang='grc' dir='ltr'><strong><em>αύτὸς</em></strong></span> <span class='ocrx_word' id='word_1_43' title='bbox 1118 562 1387 618; x_wconf 77' lang='grc' dir='ltr'><strong><em>Μαιάνδριος</em></strong></span> <span class='ocrx_word' id='word_1_44' title='bbox 1419 561 1486 604; x_wconf 70' lang='grc' dir='ltr'><strong><em>ἐκ·</em></strong></span> 
     </span>
     <span class='ocr_line' id='line_1_7' title="bbox 118 627 1486 687; baseline -0.001 -14"><span class='ocrx_word' id='word_1_45' title='bbox 118 635 314 687; x_wconf 86' lang='grc' dir='ltr'><strong><em>χωρῆσαι</em></strong></span> <span class='ocrx_word' id='word_1_46' title='bbox 352 630 396 673; x_wconf 83' lang='grc' dir='ltr'><strong><em>ἐκ</em></strong></span> <span class='ocrx_word' id='word_1_47' title='bbox 431 635 507 687; x_wconf 77' lang='grc' dir='ltr'><strong><em>τῆς</em></strong></span> <span class='ocrx_word' id='word_1_48' title='bbox 542 631 688 687; x_wconf 84' lang='grc' dir='ltr'><strong><em>νήσου.</em></strong></span> <span class='ocrx_word' id='word_1_49' title='bbox 754 634 1083 681; x_wconf 83' lang='grc' dir='ltr'><strong><em>καταινέσαντος</em></strong></span> <span class='ocrx_word' id='word_1_50' title='bbox 1115 627 1154 672; x_wconf 71' lang='grc' dir='ltr'><strong><em>δ’</em></strong></span> <span class='ocrx_word' id='word_1_51' title='bbox 1179 629 1254 672; x_wconf 86' lang='grc' dir='ltr'><strong><em>ἐπὶ</em></strong></span> <span class='ocrx_word' id='word_1_52' title='bbox 1288 630 1486 672; x_wconf 88' lang='grc' dir='ltr'><strong><em>τούτοισι</em></strong></span> 
     </span>
     <span class='ocr_line' id='line_1_8' title="bbox 116 696 1486 752; baseline -0.001 -11"><span class='ocrx_word' id='word_1_53' title='bbox 116 697 291 742; x_wconf 83' lang='grc' dir='ltr'><strong><em>Ὀτάνεω</em></strong></span> <span class='ocrx_word' id='word_1_54' title='bbox 318 701 389 740; x_wconf 86' lang='grc' dir='ltr'><strong><em>καὶ</em></strong></span> <span class='ocrx_word' id='word_1_55' title='bbox 415 698 722 752; x_wconf 73' lang='grc' dir='ltr'><strong><em>σπεισαμένου,</em></strong></span> <span class='ocrx_word' id='word_1_56' title='bbox 749 702 835 740; x_wconf 84' lang='grc' dir='ltr'><strong><em>τιῦν</em></strong></span> <span class='ocrx_word' id='word_1_57' title='bbox 855 701 1055 751; x_wconf 82' lang='grc' dir='ltr'><strong><em>Περσέων</em></strong></span> <span class='ocrx_word' id='word_1_58' title='bbox 1075 697 1117 739; x_wconf 84' lang='grc' dir='ltr'><strong><em>οἱ</em></strong></span> <span class='ocrx_word' id='word_1_59' title='bbox 1142 699 1348 740; x_wconf 74' lang='grc' dir='ltr'><strong><em>πλείστου</em></strong></span> <span class='ocrx_word' id='word_1_60' title='bbox 1370 696 1486 749; x_wconf 72' lang='grc' dir='ltr'><strong><em>ἄξιοι</em></strong></span> 
     </span>
     <span class='ocr_line' id='line_1_9' title="bbox 122 763 1485 821; baseline -0.002 -12"><span class='ocrx_word' id='word_1_61' title='bbox 122 767 310 821; x_wconf 77' lang='grc' dir='ltr'><strong><em>θρόιους</em></strong></span> <span class='ocrx_word' id='word_1_62' title='bbox 340 769 521 819; x_wconf 88' lang='grc' dir='ltr'><strong><em>θέιιενοι</em></strong></span> <span class='ocrx_word' id='word_1_63' title='bbox 552 769 822 808; x_wconf 88' lang='grc' dir='ltr'><strong><em>κατεναντίον</em></strong></span> <span class='ocrx_word' id='word_1_64' title='bbox 860 769 935 821; x_wconf 85' lang='grc' dir='ltr'><strong><em>τῆς</em></strong></span> <span class='ocrx_word' id='word_1_65' title='bbox 968 763 1231 821; x_wconf 76' lang='grc' dir='ltr'><strong><em>ἀκροπόλιος</em></strong></span> <span class='ocrx_word' id='word_1_66' title='bbox 1268 764 1485 808; x_wconf 82' lang='grc' dir='ltr'><strong><em>ἐκατέατο.</em></strong></span> 
     </span>
     <span class='ocr_line' id='line_1_10' title="bbox 122 830 1483 890; baseline -0.002 -14"><span class='ocrx_word' id='word_1_67' title='bbox 122 834 375 890; x_wconf 88' lang='grc' dir='ltr'><strong><em>Μαιανδρίω</em></strong></span> <span class='ocrx_word' id='word_1_68' title='bbox 404 834 450 875; x_wconf 82' lang='grc' dir='ltr'><strong><em>δὲ</em></strong></span> <span class='ocrx_word' id='word_1_69' title='bbox 479 837 540 889; x_wconf 82' lang='grc' dir='ltr'><strong><em>τιῦ</em></strong></span> <span class='ocrx_word' id='word_1_70' title='bbox 565 833 756 888; x_wconf 87' lang='grc' dir='ltr'><strong><em>τυράννω</em></strong></span> <span class='ocrx_word' id='word_1_71' title='bbox 789 834 839 888; x_wconf 79' lang='grc' dir='ltr'><strong><em>ἠν</em></strong></span> <span class='ocrx_word' id='word_1_72' title='bbox 872 830 1085 889; x_wconf 75' lang='grc' dir='ltr'><strong><em>ἀδελφεὸς</em></strong></span> <span class='ocrx_word' id='word_1_73' title='bbox 1116 830 1483 887; x_wconf 79' lang='grc' dir='ltr'><strong><em>ὑπομαργότερος,</em></strong></span> 
     </span>
     <span class='ocr_line' id='line_1_11' title="bbox 120 894 1488 957; baseline -0.002 -14"><span class='ocrx_word' id='word_1_74' title='bbox 120 918 181 957; x_wconf 78' lang='grc' dir='ltr'><strong><em>τῳ</em></strong></span> <span class='ocrx_word' id='word_1_75' title='bbox 211 899 374 954; x_wconf 91' lang='grc' dir='ltr'><strong><em>ου’νοιια</em></strong></span> <span class='ocrx_word' id='word_1_76' title='bbox 400 894 448 956; x_wconf 78' lang='grc' dir='ltr'><strong><em>ἧν</em></strong></span> <span class='ocrx_word' id='word_1_77' title='bbox 473 902 717 955; x_wconf 83' lang='grc' dir='ltr'><strong><em>Χαρίλεως·</em></strong></span> <span class='ocrx_word' id='word_1_78' title='bbox 746 901 872 950; x_wconf 78' lang='grc' dir='ltr'><strong><em>οὗτος</em></strong></span> <span class='ocrx_word' id='word_1_79' title='bbox 898 898 1020 956; x_wconf 80' lang='grc' dir='ltr'><strong><em>ὁτιδὴ</em></strong></span> <span class='ocrx_word' id='word_1_80' title='bbox 1047 898 1296 953; x_wconf 78' lang='grc' dir='ltr'><strong><em>ἐξαμαρτὼν</em></strong></span> <span class='ocrx_word' id='word_1_81' title='bbox 1322 897 1364 941; x_wconf 84' lang='grc' dir='ltr'><strong><em>ἐν</em></strong></span> <span class='ocrx_word' id='word_1_82' title='bbox 1388 913 1488 953; x_wconf 86' lang='grc' dir='ltr'><strong><em>γορ-</em></strong></span> 
     </span>
     <span class='ocr_line' id='line_1_12' title="bbox 121 965 1488 1024; baseline -0.003 -13"><span class='ocrx_word' id='word_1_83' title='bbox 121 969 227 1024; x_wconf 86' lang='grc' dir='ltr'><strong><em>γύρῃ</em></strong></span> <span class='ocrx_word' id='word_1_84' title='bbox 255 967 445 1010; x_wconf 78' lang='grc' dir='ltr'><strong><em>ἐδέδετο</em></strong></span> <span class='ocrx_word' id='word_1_85' title='bbox 476 969 548 1009; x_wconf 86' lang='grc' dir='ltr'><strong><em>καὶ</em></strong></span> <span class='ocrx_word' id='word_1_86' title='bbox 574 966 623 1023; x_wconf 82' lang='grc' dir='ltr'><strong><em>δὴ</em></strong></span> <span class='ocrx_word' id='word_1_87' title='bbox 649 967 749 1009; x_wconf 87' lang='grc' dir='ltr'><strong><em>τότε</em></strong></span> <span class='ocrx_word' id='word_1_88' title='bbox 775 966 1024 1017; x_wconf 87' lang='grc' dir='ltr'><strong><em>ἐπακούσας</em></strong></span> <span class='ocrx_word' id='word_1_89' title='bbox 1047 983 1093 1008; x_wconf 89' lang='grc' dir='ltr'><strong><em>τε</em></strong></span> <span class='ocrx_word' id='word_1_90' title='bbox 1118 965 1172 1008; x_wconf 83' lang='grc' dir='ltr'><strong><em>τὰ</em></strong></span> <span class='ocrx_word' id='word_1_91' title='bbox 1204 965 1488 1021; x_wconf 85' lang='grc' dir='ltr'><strong><em>πρησσόμενα</em></strong></span> 
     </span>
     <span class='ocr_line' id='line_1_13' title="bbox 122 1031 1490 1090; baseline -0.001 -13"><span class='ocrx_word' id='word_1_92' title='bbox 122 1037 194 1078; x_wconf 86' lang='grc' dir='ltr'><strong><em>καὶ</em></strong></span> <span class='ocrx_word' id='word_1_93' title='bbox 232 1035 450 1089; x_wconf 78' lang='grc' dir='ltr'><strong><em>διακύψας</em></strong></span> <span class='ocrx_word' id='word_1_94' title='bbox 487 1033 560 1076; x_wconf 82' lang='grc' dir='ltr'><strong><em>διὰ</em></strong></span> <span class='ocrx_word' id='word_1_95' title='bbox 596 1038 671 1089; x_wconf 86' lang='grc' dir='ltr'><strong><em>τῆς</em></strong></span> <span class='ocrx_word' id='word_1_96' title='bbox 706 1034 934 1090; x_wconf 77' lang='grc' dir='ltr'><strong><em>γοργύρης,</em></strong></span> <span class='ocrx_word' id='word_1_97' title='bbox 974 1032 1032 1084; x_wconf 75' lang='grc' dir='ltr'><strong><em>ὥς</em></strong></span> <span class='ocrx_word' id='word_1_98' title='bbox 1064 1031 1152 1076; x_wconf 82' lang='grc' dir='ltr'><strong><em>εἶδε</em></strong></span> <span class='ocrx_word' id='word_1_99' title='bbox 1186 1033 1289 1083; x_wconf 82' lang='grc' dir='ltr'><strong><em>τοὺς</em></strong></span> <span class='ocrx_word' id='word_1_100' title='bbox 1319 1032 1490 1087; x_wconf 85' lang='grc' dir='ltr'><strong><em>Πέρσας</em></strong></span> 
     </span>
     <span class='ocr_line' id='line_1_14' title="bbox 123 1100 1488 1158; baseline -0.003 -13"><span class='ocrx_word' id='word_1_101' title='bbox 123 1103 349 1158; x_wconf 82' lang='grc' dir='ltr'><strong><em>εἰρηναίως</em></strong></span> <span class='ocrx_word' id='word_1_102' title='bbox 373 1105 645 1157; x_wconf 84' lang='grc' dir='ltr'><strong><em>κατημένους,</em></strong></span> <span class='ocrx_word' id='word_1_103' title='bbox 675 1100 781 1155; x_wconf 82' lang='grc' dir='ltr'><strong><em>ἐβόα</em></strong></span> <span class='ocrx_word' id='word_1_104' title='bbox 805 1118 852 1144; x_wconf 92' lang='grc' dir='ltr'><strong><em>τε</em></strong></span> <span class='ocrx_word' id='word_1_105' title='bbox 876 1103 948 1143; x_wconf 83' lang='grc' dir='ltr'><strong><em>καὶ</em></strong></span> <span class='ocrx_word' id='word_1_106' title='bbox 974 1100 1055 1158; x_wconf 70' lang='grc' dir='ltr'><strong><em>ἔφη</em></strong></span> <span class='ocrx_word' id='word_1_107' title='bbox 1083 1102 1215 1156; x_wconf 86' lang='grc' dir='ltr'><strong><em>λέγων</em></strong></span> <span class='ocrx_word' id='word_1_108' title='bbox 1234 1101 1488 1157; x_wconf 80' lang='grc' dir='ltr'><strong><em>Μαιανδρίῳ</em></strong></span> 
     </span>
     <span class='ocr_line' id='line_1_15' title="bbox 124 1166 1491 1224; baseline -0.001 -12"><span class='ocrx_word' id='word_1_109' title='bbox 124 1169 292 1212; x_wconf 89' lang='grc' dir='ltr'><strong><em>ἐθέλειν</em></strong></span> <span class='ocrx_word' id='word_1_110' title='bbox 324 1168 471 1211; x_wconf 87' lang='grc' dir='ltr'><strong><em>ἐλθεῖν</em></strong></span> <span class='ocrx_word' id='word_1_111' title='bbox 502 1168 545 1219; x_wconf 87' lang='grc' dir='ltr'><strong><em>ἐς</em></strong></span> <span class='ocrx_word' id='word_1_112' title='bbox 575 1169 741 1223; x_wconf 92' lang='grc' dir='ltr'><strong><em>λόγους.</em></strong></span> <span class='ocrx_word' id='word_1_113' title='bbox 805 1167 1052 1219; x_wconf 76' lang='grc' dir='ltr'><strong><em>ἐπακούσας</em></strong></span> <span class='ocrx_word' id='word_1_114' title='bbox 1085 1169 1131 1211; x_wconf 83' lang='grc' dir='ltr'><strong><em>δὲ</em></strong></span> <span class='ocrx_word' id='word_1_115' title='bbox 1164 1166 1186 1211; x_wconf 95' lang='lat'><em>5</em></span> <span class='ocrx_word' id='word_1_116' title='bbox 1219 1168 1491 1224; x_wconf 85' lang='grc' dir='ltr'><strong><em>Μαιάνδριος</em></strong></span> 
     </span>
     <span class='ocr_line' id='line_1_16' title="bbox 123 1233 1488 1293; baseline -0.001 -13"><span class='ocrx_word' id='word_1_117' title='bbox 123 1237 337 1287; x_wconf 89' lang='grc' dir='ltr'><strong><em>λύσαντας</em></strong></span> <span class='ocrx_word' id='word_1_118' title='bbox 363 1234 493 1279; x_wconf 87' lang='grc' dir='ltr'><strong><em>αυτὸν</em></strong></span> <span class='ocrx_word' id='word_1_119' title='bbox 520 1235 684 1278; x_wconf 82' lang='grc' dir='ltr'><strong><em>ἐκέλευε</em></strong></span> <span class='ocrx_word' id='word_1_120' title='bbox 710 1233 828 1291; x_wconf 87' lang='grc' dir='ltr'><strong><em>άγειν</em></strong></span> <span class='ocrx_word' id='word_1_121' title='bbox 854 1234 956 1293; x_wconf 72' lang='grc' dir='ltr'><strong><em>παρ’</em></strong></span> <span class='ocrx_word' id='word_1_122' title='bbox 974 1235 1150 1279; x_wconf 90' lang='grc' dir='ltr'><strong><em>εωυτόν.</em></strong></span> <span class='ocrx_word' id='word_1_123' title='bbox 1212 1234 1271 1286; x_wconf 76' lang='grc' dir='ltr'><strong><em>ὥς</em></strong></span> <span class='ocrx_word' id='word_1_124' title='bbox 1303 1237 1349 1278; x_wconf 80' lang='grc' dir='ltr'><strong><em>δὲ</em></strong></span> <span class='ocrx_word' id='word_1_125' title='bbox 1372 1233 1488 1292; x_wconf 83' lang='grc' dir='ltr'><strong><em>η’χθη</em></strong></span> 
     </span>
     <span class='ocr_line' id='line_1_17' title="bbox 122 1301 1491 1359; baseline -0.001 -12"><span class='ocrx_word' id='word_1_126' title='bbox 122 1305 323 1358; x_wconf 88' lang='grc' dir='ltr'><strong><em>τάχιστα,</em></strong></span> <span class='ocrx_word' id='word_1_127' title='bbox 357 1304 590 1359; x_wconf 86' lang='grc' dir='ltr'><strong><em>λοιδορέων</em></strong></span> <span class='ocrx_word' id='word_1_128' title='bbox 614 1320 660 1345; x_wconf 90' lang='grc' dir='ltr'><strong><em>τε</em></strong></span> <span class='ocrx_word' id='word_1_129' title='bbox 684 1305 757 1345; x_wconf 86' lang='grc' dir='ltr'><strong><em>καὶ</em></strong></span> <span class='ocrx_word' id='word_1_130' title='bbox 781 1307 899 1348; x_wconf 90' lang='grc' dir='ltr'><strong><em>κακί</em></strong></span> <span class='ocrx_word' id='word_1_131' title='bbox 883 1304 961 1346; x_wconf 74' lang='grc' dir='ltr'><strong><em>“’ων</em></strong></span> <span class='ocrx_word' id='word_1_132' title='bbox 986 1321 1059 1357; x_wconf 93' lang='grc' dir='ltr'><strong><em>μιν</em></strong></span> <span class='ocrx_word' id='word_1_133' title='bbox 1091 1301 1301 1346; x_wconf 73' lang='grc' dir='ltr'><strong><em>ἀνέπειθε</em></strong></span> <span class='ocrx_word' id='word_1_134' title='bbox 1335 1303 1491 1346; x_wconf 87' lang='grc' dir='ltr'><strong><em>ἐπιθέ-</em></strong></span> 
     </span>
     <span class='ocr_line' id='line_1_18' title="bbox 127 1364 1491 1427; baseline 0 -13"><span class='ocrx_word' id='word_1_135' title='bbox 127 1377 238 1415; x_wconf 88' lang='grc' dir='ltr'><strong><em>σθαι</em></strong></span> <span class='ocrx_word' id='word_1_136' title='bbox 261 1380 380 1414; x_wconf 90' lang='grc' dir='ltr'><strong><em>τοῖσι</em></strong></span> <span class='ocrx_word' id='word_1_137' title='bbox 404 1375 609 1427; x_wconf 85' lang='grc' dir='ltr'><strong><em>Πέρσησι,</em></strong></span> <span class='ocrx_word' id='word_1_138' title='bbox 637 1372 770 1426; x_wconf 92' lang='grc' dir='ltr'><strong><em>λέγων</em></strong></span> <span class='ocrx_word' id='word_1_139' title='bbox 794 1371 956 1413; x_wconf 88' lang='grc' dir='ltr'><strong><em>τοιάδε.</em></strong></span> <span class='ocrx_word' id='word_1_140' title='bbox 1001 1369 1028 1385; x_wconf 83' lang='lat'><em>“</em></span> <span class='ocrx_word' id='word_1_141' title='bbox 1041 1370 1115 1425; x_wconf 81' lang='grc' dir='ltr'><strong><em>ἐμὲ</em></strong></span> <span class='ocrx_word' id='word_1_142' title='bbox 1139 1374 1228 1424; x_wconf 89' lang='grc' dir='ltr'><strong><em>ιιέν,</em></strong></span> <span class='ocrx_word' id='word_1_143' title='bbox 1257 1364 1291 1412; x_wconf 77' lang='grc' dir='ltr'><em>ὦ</em></span> <span class='ocrx_word' id='word_1_144' title='bbox 1316 1371 1491 1414; x_wconf 87' lang='grc' dir='ltr'><strong><em>κάκιστε</em></strong></span> 
     </span>
     <span class='ocr_line' id='line_1_19' title="bbox 127 1436 1490 1496; baseline -0.001 -14"><span class='ocrx_word' id='word_1_145' title='bbox 127 1438 311 1496; x_wconf 79' lang='grc' dir='ltr'><strong><em>ἀνδρῶν,</em></strong></span> <span class='ocrx_word' id='word_1_146' title='bbox 347 1438 472 1481; x_wconf 86' lang='grc' dir='ltr'><strong><em>ἐόντα</em></strong></span> <span class='ocrx_word' id='word_1_147' title='bbox 503 1442 694 1481; x_wconf 84' lang='grc' dir='ltr'><strong><em>σεωυτοῦ</em></strong></span> <span class='ocrx_word' id='word_1_148' title='bbox 727 1436 938 1495; x_wconf 64' lang='grc' dir='ltr'><strong><em>ἀδελφεὸν</em></strong></span> <span class='ocrx_word' id='word_1_149' title='bbox 969 1440 1041 1481; x_wconf 86' lang='grc' dir='ltr'><strong><em>καὶ</em></strong></span> <span class='ocrx_word' id='word_1_150' title='bbox 1073 1437 1334 1494; x_wconf 87' lang='grc' dir='ltr'><strong><em>ἀδικήσαντα</em></strong></span> <span class='ocrx_word' id='word_1_151' title='bbox 1368 1437 1490 1481; x_wconf 75' lang='grc' dir='ltr'><strong><em>οὐδὲν</em></strong></span> 
     </span>
     <span class='ocr_line' id='line_1_20' title="bbox 128 1504 1492 1562; baseline -0.001 -13"><span class='ocrx_word' id='word_1_152' title='bbox 128 1505 248 1558; x_wconf 71' lang='grc' dir='ltr'><strong><em>ἄξιον</em></strong></span> <span class='ocrx_word' id='word_1_153' title='bbox 286 1507 444 1560; x_wconf 85' lang='grc' dir='ltr'><strong><em>δεσμοῦ</em></strong></span> <span class='ocrx_word' id='word_1_154' title='bbox 478 1506 611 1561; x_wconf 82' lang='grc' dir='ltr'><strong><em>δήσας</em></strong></span> <span class='ocrx_word' id='word_1_155' title='bbox 641 1506 850 1562; x_wconf 83' lang='grc' dir='ltr'><strong><em>γοργύρης</em></strong></span> <span class='ocrx_word' id='word_1_156' title='bbox 886 1504 1094 1561; x_wconf 77' lang='grc' dir='ltr'><strong><em>ἠξίωσας·</em></strong></span> <span class='ocrx_word' id='word_1_157' title='bbox 1138 1504 1272 1561; x_wconf 79' lang='grc' dir='ltr'><strong><em>ὁρέων</em></strong></span> <span class='ocrx_word' id='word_1_158' title='bbox 1310 1507 1356 1548; x_wconf 85' lang='grc' dir='ltr'><strong><em>δὲ</em></strong></span> <span class='ocrx_word' id='word_1_159' title='bbox 1390 1505 1492 1556; x_wconf 70' lang='grc' dir='ltr'><strong><em>τοὺς</em></strong></span> 
     </span>
     <span class='ocr_line' id='line_1_21' title="bbox 127 1571 1493 1629; baseline -0.001 -12"><span class='ocrx_word' id='word_1_160' title='bbox 127 1578 298 1629; x_wconf 89' lang='grc' dir='ltr'><strong><em>Πέρσας</em></strong></span> <span class='ocrx_word' id='word_1_161' title='bbox 323 1573 608 1628; x_wconf 78' lang='grc' dir='ltr'><strong><em>ἐκβάλλοντάς</em></strong></span> <span class='ocrx_word' id='word_1_162' title='bbox 632 1577 678 1615; x_wconf 87' lang='grc' dir='ltr'><strong><em>τέ</em></strong></span> <span class='ocrx_word' id='word_1_163' title='bbox 704 1589 752 1615; x_wconf 84' lang='grc' dir='ltr'><strong><em>σε</em></strong></span> <span class='ocrx_word' id='word_1_164' title='bbox 776 1575 848 1615; x_wconf 85' lang='grc' dir='ltr'><strong><em>καὶ</em></strong></span> <span class='ocrx_word' id='word_1_165' title='bbox 875 1571 1046 1616; x_wconf 75' lang='grc' dir='ltr'><strong><em>ἄνοικον</em></strong></span> <span class='ocrx_word' id='word_1_166' title='bbox 1070 1578 1301 1624; x_wconf 83' lang='grc' dir='ltr'><strong><em>ποιεῦντας</em></strong></span> <span class='ocrx_word' id='word_1_167' title='bbox 1321 1572 1368 1615; x_wconf 80' lang='grc' dir='ltr'><strong><em>οὗ</em></strong></span> <span class='ocrx_word' id='word_1_168' title='bbox 1394 1575 1493 1616; x_wconf 91' lang='grc' dir='ltr'><strong><em>τολ-</em></strong></span> 
     </span>
     <span class='ocr_line' id='line_1_22' title="bbox 127 1637 1493 1699; baseline -0.001 -15"><span class='ocrx_word' id='word_1_169' title='bbox 127 1647 213 1699; x_wconf 78' lang='grc' dir='ltr'><strong><em>μᾷς</em></strong></span> <span class='ocrx_word' id='word_1_170' title='bbox 237 1645 473 1691; x_wconf 87' lang='grc' dir='ltr'><strong><em>τίσασθαι,</em></strong></span> <span class='ocrx_word' id='word_1_171' title='bbox 509 1637 622 1683; x_wconf 73' lang='grc' dir='ltr'><strong><em>οὕτω</em></strong></span> <span class='ocrx_word' id='word_1_172' title='bbox 651 1641 700 1696; x_wconf 88' lang='grc' dir='ltr'><strong><em>δή</em></strong></span> <span class='ocrx_word' id='word_1_173' title='bbox 727 1658 769 1683; x_wconf 90' lang='grc' dir='ltr'><strong><em>τι</em></strong></span> <span class='ocrx_word' id='word_1_174' title='bbox 796 1640 945 1691; x_wconf 78' lang='grc' dir='ltr'><strong><em>ἐόντας</em></strong></span> <span class='ocrx_word' id='word_1_175' title='bbox 970 1638 1179 1691; x_wconf 75' lang='grc' dir='ltr'><strong><em>εὖπετέας</em></strong></span> <span class='ocrx_word' id='word_1_176' title='bbox 1201 1644 1493 1697; x_wconf 77' lang='grc' dir='ltr'><strong><em>χειρωθῆναι,·</em></strong></span> 
     </span>
     <span class='ocr_line' id='line_1_23' title="bbox 129 1707 1495 1765; baseline -0.001 -14"><span class='ocrx_word' id='word_1_177' title='bbox 129 1707 220 1751; x_wconf 75' lang='grc' dir='ltr'><strong><em>ἀλλ’</em></strong></span> <span class='ocrx_word' id='word_1_178' title='bbox 238 1709 280 1752; x_wconf 82' lang='grc' dir='ltr'><strong><em>εἴ</em></strong></span> <span class='ocrx_word' id='word_1_179' title='bbox 298 1725 347 1751; x_wconf 90' lang='grc' dir='ltr'><strong><em>τι</em></strong></span> <span class='ocrx_word' id='word_1_180' title='bbox 370 1708 420 1751; x_wconf 92' lang='grc' dir='ltr'><strong><em>σύ</em></strong></span> <span class='ocrx_word' id='word_1_181' title='bbox 449 1723 587 1765; x_wconf 82' lang='grc' dir='ltr'><strong><em>σφεας</em></strong></span> <span class='ocrx_word' id='word_1_182' title='bbox 612 1709 958 1764; x_wconf 77' lang='grc' dir='ltr'><strong><em>καταρρώδηκας,</em></strong></span> <span class='ocrx_word' id='word_1_183' title='bbox 987 1708 1082 1762; x_wconf 81' lang='grc' dir='ltr'><strong><em>ἐμοὶ</em></strong></span> <span class='ocrx_word' id='word_1_184' title='bbox 1105 1708 1179 1759; x_wconf 81' lang='grc' dir='ltr'><strong><em>δὸς</em></strong></span> <span class='ocrx_word' id='word_1_185' title='bbox 1197 1707 1298 1759; x_wconf 75' lang='grc' dir='ltr'><strong><em>τοὺς</em></strong></span> <span class='ocrx_word' id='word_1_186' title='bbox 1318 1707 1495 1751; x_wconf 84' lang='grc' dir='ltr'><strong><em>ἐπικού-</em></strong></span> 
     </span>
     <span class='ocr_line' id='line_1_24' title="bbox 129 1774 1493 1833; baseline -0.001 -14"><span class='ocrx_word' id='word_1_187' title='bbox 129 1793 249 1832; x_wconf 88' lang='grc' dir='ltr'><strong><em>ρους,</em></strong></span> <span class='ocrx_word' id='word_1_188' title='bbox 287 1780 361 1819; x_wconf 92' lang='grc' dir='ltr'><strong><em>καί</em></strong></span> <span class='ocrx_word' id='word_1_189' title='bbox 386 1791 524 1833; x_wconf 80' lang='grc' dir='ltr'><strong><em>σφεας</em></strong></span> <span class='ocrx_word' id='word_1_190' title='bbox 557 1774 638 1830; x_wconf 80' lang='grc' dir='ltr'><strong><em>ἐγω</em></strong></span> <span class='ocrx_word' id='word_1_191' title='bbox 669 1776 974 1831; x_wconf 80' lang='grc' dir='ltr'><strong><em>τιμωρήσομαι</em></strong></span> <span class='ocrx_word' id='word_1_192' title='bbox 1006 1780 1080 1832; x_wconf 74' lang='grc' dir='ltr'><strong><em>τῆς</em></strong></span> <span class='ocrx_word' id='word_1_193' title='bbox 1106 1776 1265 1818; x_wconf 85' lang='grc' dir='ltr'><strong><em>ἐνθάδε</em></strong></span> <span class='ocrx_word' id='word_1_194' title='bbox 1298 1774 1493 1828; x_wconf 81' lang='grc' dir='ltr'><strong><em>ἀπίξιος·</em></strong></span> 
     </span>
     <span class='ocr_line' id='line_1_25' title="bbox 131 1841 1493 1899; baseline 0.001 -13"><span class='ocrx_word' id='word_1_195' title='bbox 131 1842 260 1886; x_wconf 76' lang='grc' dir='ltr'><strong><em>αὐτὸν</em></strong></span> <span class='ocrx_word' id='word_1_196' title='bbox 287 1844 334 1886; x_wconf 88' lang='grc' dir='ltr'><strong><em>δέ</em></strong></span> <span class='ocrx_word' id='word_1_197' title='bbox 359 1859 406 1886; x_wconf 88' lang='grc' dir='ltr'><strong><em>σε</em></strong></span> <span class='ocrx_word' id='word_1_198' title='bbox 433 1843 657 1898; x_wconf 74' lang='grc' dir='ltr'><strong><em>ἐκπέμψαι</em></strong></span> <span class='ocrx_word' id='word_1_199' title='bbox 683 1842 727 1885; x_wconf 83' lang='grc' dir='ltr'><strong><em>ἐκ</em></strong></span> <span class='ocrx_word' id='word_1_200' title='bbox 751 1847 826 1899; x_wconf 74' lang='grc' dir='ltr'><strong><em>τῆς</em></strong></span> <span class='ocrx_word' id='word_1_201' title='bbox 846 1843 974 1899; x_wconf 84' lang='grc' dir='ltr'><strong><em>νήσου</em></strong></span> <span class='ocrx_word' id='word_1_202' title='bbox 996 1842 1169 1897; x_wconf 79' lang='grc' dir='ltr'><strong><em>ἕτοῖμός</em></strong></span> <span class='ocrx_word' id='word_1_203' title='bbox 1190 1841 1317 1897; x_wconf 85' lang='grc' dir='ltr'><strong><em>εἷμι.”</em></strong></span> <span class='ocrx_word' id='word_1_204' title='bbox 1356 1848 1493 1887; x_wconf 80' lang='grc' dir='ltr'><strong><em>ταῦτα</em></strong></span> 
     </span>
     <span class='ocr_line' id='line_1_26' title="bbox 131 1909 1495 1967; baseline -0.001 -13"><span class='ocrx_word' id='word_1_205' title='bbox 131 1911 243 1964; x_wconf 75' lang='grc' dir='ltr'><strong><em>ἔλεξε</em></strong></span> <span class='ocrx_word' id='word_1_206' title='bbox 270 1909 292 1954; x_wconf 90' lang='lat'><em>5</em></span> <span class='ocrx_word' id='word_1_207' title='bbox 318 1913 561 1967; x_wconf 84' lang='grc' dir='ltr'><strong><em>Χαρίλεως·</em></strong></span> <span class='ocrx_word' id='word_1_208' title='bbox 586 1911 856 1967; x_wconf 82' lang='grc' dir='ltr'><strong><em>Μαιάνδριος</em></strong></span> <span class='ocrx_word' id='word_1_209' title='bbox 883 1912 928 1953; x_wconf 82' lang='grc' dir='ltr'><strong><em>δὲ</em></strong></span> <span class='ocrx_word' id='word_1_210' title='bbox 954 1909 1145 1965; x_wconf 77' lang='grc' dir='ltr'><strong><em>ὑπέλαβε</em></strong></span> <span class='ocrx_word' id='word_1_211' title='bbox 1170 1910 1243 1954; x_wconf 84' lang='grc' dir='ltr'><strong><em>τὸν</em></strong></span> <span class='ocrx_word' id='word_1_212' title='bbox 1268 1912 1407 1967; x_wconf 84' lang='grc' dir='ltr'><strong><em>λόγον,</em></strong></span> <span class='ocrx_word' id='word_1_213' title='bbox 1437 1910 1495 1962; x_wconf 77' lang='grc' dir='ltr'><strong><em>(ὗς</em></strong></span> 
     </span>
     <span class='ocr_line' id='line_1_27' title="bbox 128 1977 1496 2036; baseline 0.001 -15"><span class='ocrx_word' id='word_1_214' title='bbox 128 1980 205 2033; x_wconf 82' lang='grc' dir='ltr'><strong><em>μὲν</em></strong></span> <span class='ocrx_word' id='word_1_215' title='bbox 231 1977 313 2034; x_wconf 82' lang='grc' dir='ltr'><strong><em>ἐγιὺ</em></strong></span> <span class='ocrx_word' id='word_1_216' title='bbox 341 1979 494 2029; x_wconf 88' lang='grc' dir='ltr'><strong><em>δοκέω,</em></strong></span> <span class='ocrx_word' id='word_1_217' title='bbox 536 1977 611 2021; x_wconf 77' lang='grc' dir='ltr'><strong><em>οὐκ</em></strong></span> <span class='ocrx_word' id='word_1_218' title='bbox 644 1978 686 2029; x_wconf 86' lang='grc' dir='ltr'><strong><em>ἐς</em></strong></span> <span class='ocrx_word' id='word_1_219' title='bbox 710 1983 839 2021; x_wconf 82' lang='grc' dir='ltr'><strong><em>τοῦτο</em></strong></span> <span class='ocrx_word' id='word_1_220' title='bbox 867 1977 1116 2036; x_wconf 78' lang='grc' dir='ltr'><strong><em>ἀφροσύνης</em></strong></span> <span class='ocrx_word' id='word_1_221' title='bbox 1147 1977 1411 2033; x_wconf 84' lang='grc' dir='ltr'><strong><em>ἀπικόμενος</em></strong></span> <span class='ocrx_word' id='word_1_222' title='bbox 1437 1978 1496 2030; x_wconf 78' lang='grc' dir='ltr'><strong><em>ὥς</em></strong></span> 
     </span>
     <span class='ocr_line' id='line_1_28' title="bbox 131 2044 1496 2103; baseline 0 -14"><span class='ocrx_word' id='word_1_223' title='bbox 131 2047 253 2098; x_wconf 80' lang='grc' dir='ltr'><strong><em>δόξαι</em></strong></span> <span class='ocrx_word' id='word_1_224' title='bbox 272 2044 346 2103; x_wconf 76' lang='grc' dir='ltr'><strong><em>τὴν</em></strong></span> <span class='ocrx_word' id='word_1_225' title='bbox 361 2045 521 2088; x_wconf 79' lang='grc' dir='ltr'><strong><em>ἑωυτοῦ</em></strong></span> <span class='ocrx_word' id='word_1_226' title='bbox 544 2047 723 2100; x_wconf 86' lang='grc' dir='ltr'><strong><em>δύναμιν</em></strong></span> <span class='ocrx_word' id='word_1_227' title='bbox 742 2050 1034 2103; x_wconf 86' lang='grc' dir='ltr'><strong><em>περιέσεσθαι</em></strong></span> <span class='ocrx_word' id='word_1_228' title='bbox 1053 2051 1128 2103; x_wconf 78' lang='grc' dir='ltr'><strong><em>τῆς</em></strong></span> <span class='ocrx_word' id='word_1_229' title='bbox 1147 2048 1363 2100; x_wconf 86' lang='grc' dir='ltr'><strong><em>βασιλέος,</em></strong></span> <span class='ocrx_word' id='word_1_230' title='bbox 1387 2045 1496 2089; x_wconf 80' lang='grc' dir='ltr'><strong><em>ἀλλὰ</em></strong></span> 
     </span>
     <span class='ocr_line' id='line_1_29' title="bbox 131 2112 1497 2171; baseline 0.001 -15"><span class='ocrx_word' id='word_1_231' title='bbox 131 2114 361 2171; x_wconf 84' lang='grc' dir='ltr'><strong><em>φθονήσας</em></strong></span> <span class='ocrx_word' id='word_1_232' title='bbox 385 2115 548 2168; x_wconf 87' lang='grc' dir='ltr'><strong><em>μᾶλλον</em></strong></span> <span class='ocrx_word' id='word_1_233' title='bbox 566 2116 826 2166; x_wconf 82' lang='grc' dir='ltr'><strong><em>Συλοσῶντι,</em></strong></span> <span class='ocrx_word' id='word_1_234' title='bbox 856 2114 894 2157; x_wconf 78' lang='grc' dir='ltr'><strong><em>εἰ</em></strong></span> <span class='ocrx_word' id='word_1_235' title='bbox 919 2112 1104 2171; x_wconf 84' lang='grc' dir='ltr'><strong><em>ἀπονητὶ</em></strong></span> <span class='ocrx_word' id='word_1_236' title='bbox 1126 2114 1273 2168; x_wconf 72' lang='grc' dir='ltr'><strong><em>ἔμελλε</em></strong></span> <span class='ocrx_word' id='word_1_237' title='bbox 1293 2113 1497 2169; x_wconf 86' lang='grc' dir='ltr'><strong><em>ἀπολάμ-</em></strong></span> 
     </span>
     <span class='ocr_line' id='line_1_30' title="bbox 128 2176 1497 2239; baseline 0 -15"><span class='ocrx_word' id='word_1_238' title='bbox 128 2186 305 2237; x_wconf 82' lang='grc' dir='ltr'><strong><em>ψεσθαι</em></strong></span> <span class='ocrx_word' id='word_1_239' title='bbox 331 2180 531 2236; x_wconf 88' lang='grc' dir='ltr'><strong><em>ἀκέραιον</em></strong></span> <span class='ocrx_word' id='word_1_240' title='bbox 559 2181 634 2238; x_wconf 82' lang='grc' dir='ltr'><strong><em>τὴν</em></strong></span> <span class='ocrx_word' id='word_1_241' title='bbox 665 2182 808 2225; x_wconf 88' lang='grc' dir='ltr'><strong><em>πόλιν.</em></strong></span> <span class='ocrx_word' id='word_1_242' title='bbox 870 2181 1077 2239; x_wconf 73' lang='grc' dir='ltr'><strong><em>ἐρεθίσας</em></strong></span> <span class='ocrx_word' id='word_1_243' title='bbox 1111 2176 1168 2225; x_wconf 73' lang='grc' dir='ltr'><strong><em>ὦν</em></strong></span> <span class='ocrx_word' id='word_1_244' title='bbox 1199 2181 1301 2233; x_wconf 83' lang='grc' dir='ltr'><strong><em>τοὺς</em></strong></span> <span class='ocrx_word' id='word_1_245' title='bbox 1326 2186 1497 2239; x_wconf 89' lang='grc' dir='ltr'><strong><em>Πέρσας</em></strong></span> 
     </span>
     <span class='ocr_line' id='line_1_31' title="bbox 130 2247 1498 2306; baseline 0 -15"><span class='ocrx_word' id='word_1_246' title='bbox 130 2247 264 2304; x_wconf 80' lang='grc' dir='ltr'><strong><em>ἤθελε</em></strong></span> <span class='ocrx_word' id='word_1_247' title='bbox 290 2247 348 2300; x_wconf 79' lang='grc' dir='ltr'><strong><em>ὥς</em></strong></span> <span class='ocrx_word' id='word_1_248' title='bbox 374 2248 675 2292; x_wconf 78' lang='grc' dir='ltr'><strong><em>ἀσθενέστατα</em></strong></span> <span class='ocrx_word' id='word_1_249' title='bbox 701 2254 888 2306; x_wconf 80' lang='grc' dir='ltr'><strong><em>ποιῆσαι</em></strong></span> <span class='ocrx_word' id='word_1_250' title='bbox 911 2249 966 2293; x_wconf 83' lang='grc' dir='ltr'><strong><em>τὰ</em></strong></span> <span class='ocrx_word' id='word_1_251' title='bbox 992 2251 1140 2304; x_wconf 90' lang='grc' dir='ltr'><strong><em>Σάμια</em></strong></span> <span class='ocrx_word' id='word_1_252' title='bbox 1165 2250 1399 2306; x_wconf 88' lang='grc' dir='ltr'><strong><em>πρήγματα</em></strong></span> <span class='ocrx_word' id='word_1_253' title='bbox 1425 2251 1498 2291; x_wconf 82' lang='grc' dir='ltr'><strong><em>καὶ</em></strong></span> 
     </span>
     <span class='ocr_line' id='line_1_32' title="bbox 133 2311 1497 2372; baseline 0 -14"><span class='ocrx_word' id='word_1_254' title='bbox 133 2313 246 2359; x_wconf 70' lang='grc' dir='ltr'><strong><em>οὕτω</em></strong></span> <span class='ocrx_word' id='word_1_255' title='bbox 282 2317 595 2372; x_wconf 88' lang='grc' dir='ltr'><strong><em>παραδιδόναι,</em></strong></span> <span class='ocrx_word' id='word_1_256' title='bbox 641 2311 686 2359; x_wconf 74' lang='grc' dir='ltr'><strong><em>εὖ</em></strong></span> <span class='ocrx_word' id='word_1_257' title='bbox 726 2317 1061 2371; x_wconf 79' lang='grc' dir='ltr'><strong><em>ἐξεπιστάμενος</em></strong></span> <span class='ocrx_word' id='word_1_258' title='bbox 1097 2315 1156 2368; x_wconf 75' lang='grc' dir='ltr'><strong><em>(ὃς</em></strong></span> <span class='ocrx_word' id='word_1_259' title='bbox 1193 2317 1417 2366; x_wconf 81' lang='grc' dir='ltr'><strong><em>παθόντες</em></strong></span> <span class='ocrx_word' id='word_1_260' title='bbox 1454 2316 1497 2359; x_wconf 82' lang='grc' dir='ltr'><strong><em>οἱ</em></strong></span> 
     </span>
     <span class='ocr_line' id='line_1_33' title="bbox 131 2383 1497 2441; baseline 0.001 -16"><span class='ocrx_word' id='word_1_261' title='bbox 131 2383 298 2439; x_wconf 90' lang='grc' dir='ltr'><strong><em>Πέρσαι</em></strong></span> <span class='ocrx_word' id='word_1_262' title='bbox 333 2388 472 2434; x_wconf 77' lang='grc' dir='ltr'><strong><em>κακῶς</em></strong></span> <span class='ocrx_word' id='word_1_263' title='bbox 509 2389 1000 2441; x_wconf 85' lang='grc' dir='ltr'><strong><em>προσεμπικρανέεσθαι</em></strong></span> <span class='ocrx_word' id='word_1_264' title='bbox 1044 2384 1219 2438; x_wconf 72' lang='grc' dir='ltr'><strong><em>ἔμελλον</em></strong></span> <span class='ocrx_word' id='word_1_265' title='bbox 1254 2392 1372 2426; x_wconf 89' lang='grc' dir='ltr'><strong><em>τοῖσι</em></strong></span> <span class='ocrx_word' id='word_1_266' title='bbox 1408 2392 1497 2426; x_wconf 89' lang='grc' dir='ltr'><strong><em>Σα-</em></strong></span> 
     </span>
     <span class='ocr_line' id='line_1_34' title="bbox 132 2450 1497 2508; baseline 0.001 -15"><span class='ocrx_word' id='word_1_267' title='bbox 132 2455 291 2505; x_wconf 88' lang='grc' dir='ltr'><strong><em>μίοισι,</em></strong></span> <span class='ocrx_word' id='word_1_268' title='bbox 326 2450 453 2501; x_wconf 82' lang='grc' dir='ltr'><strong><em>εἰδώς</em></strong></span> <span class='ocrx_word' id='word_1_269' title='bbox 482 2467 528 2494; x_wconf 88' lang='grc' dir='ltr'><strong><em>τε</em></strong></span> <span class='ocrx_word' id='word_1_270' title='bbox 559 2450 706 2507; x_wconf 75' lang='grc' dir='ltr'><strong><em>ἑωυτῷ</em></strong></span> <span class='ocrx_word' id='word_1_271' title='bbox 739 2450 939 2508; x_wconf 81' lang='grc' dir='ltr'><strong><em>ἀσφαλέα</em></strong></span> <span class='ocrx_word' id='word_1_272' title='bbox 972 2452 1140 2494; x_wconf 71' lang='grc' dir='ltr'><strong><em>ἔκδυσιν</em></strong></span> <span class='ocrx_word' id='word_1_273' title='bbox 1173 2451 1327 2494; x_wconf 85' lang='grc' dir='ltr'><strong><em>ἐοῦσαν</em></strong></span> <span class='ocrx_word' id='word_1_274' title='bbox 1353 2450 1398 2493; x_wconf 85' lang='grc' dir='ltr'><strong><em>ἐκ</em></strong></span> <span class='ocrx_word' id='word_1_275' title='bbox 1421 2452 1497 2508; x_wconf 83' lang='grc' dir='ltr'><strong><em>τῆς</em></strong></span> 
     </span>
     <span class='ocr_line' id='line_1_35' title="bbox 132 2517 1499 2576; baseline 0 -15"><span class='ocrx_word' id='word_1_276' title='bbox 132 2519 263 2575; x_wconf 87' lang='grc' dir='ltr'><strong><em>νήσου</em></strong></span> <span class='ocrx_word' id='word_1_277' title='bbox 300 2518 399 2560; x_wconf 87' lang='grc' dir='ltr'><strong><em>τότε</em></strong></span> <span class='ocrx_word' id='word_1_278' title='bbox 436 2517 567 2561; x_wconf 84' lang='grc' dir='ltr'><strong><em>ἐπεὰν</em></strong></span> <span class='ocrx_word' id='word_1_279' title='bbox 611 2517 739 2569; x_wconf 74' lang='grc' dir='ltr'><strong><em>αὐτὸς</em></strong></span> <span class='ocrx_word' id='word_1_280' title='bbox 780 2519 1010 2574; x_wconf 85' lang='grc' dir='ltr'><strong><em>βούληται·</em></strong></span> <span class='ocrx_word' id='word_1_281' title='bbox 1056 2519 1293 2575; x_wconf 84' lang='grc' dir='ltr'><strong><em>ἐπεποίητο</em></strong></span> <span class='ocrx_word' id='word_1_282' title='bbox 1335 2519 1416 2576; x_wconf 86' lang='grc' dir='ltr'><strong><em>γάρ</em></strong></span> <span class='ocrx_word' id='word_1_283' title='bbox 1456 2519 1499 2561; x_wconf 80' lang='grc' dir='ltr'><strong><em>οἱ</em></strong></span> 
     </span>
     <span class='ocr_line' id='line_1_36' title="bbox 132 2584 1495 2643; baseline 0.001 -15"><span class='ocrx_word' id='word_1_284' title='bbox 132 2584 298 2642; x_wconf 82' lang='grc' dir='ltr'><strong><em>κρυπτὴ</em></strong></span> <span class='ocrx_word' id='word_1_285' title='bbox 320 2587 481 2642; x_wconf 78' lang='grc' dir='ltr'><strong><em>διῶρυξ</em></strong></span> <span class='ocrx_word' id='word_1_286' title='bbox 499 2586 543 2629; x_wconf 84' lang='grc' dir='ltr'><strong><em>ἐκ</em></strong></span> <span class='ocrx_word' id='word_1_287' title='bbox 561 2590 636 2643; x_wconf 87' lang='grc' dir='ltr'><strong><em>τῆς</em></strong></span> <span class='ocrx_word' id='word_1_288' title='bbox 657 2584 920 2642; x_wconf 85' lang='grc' dir='ltr'><strong><em>ἀκροπόλιος</em></strong></span> <span class='ocrx_word' id='word_1_289' title='bbox 940 2586 1136 2643; x_wconf 76' lang='grc' dir='ltr'><strong><em>φέρουσα</em></strong></span> <span class='ocrx_word' id='word_1_290' title='bbox 1156 2586 1231 2630; x_wconf 84' lang='grc' dir='ltr'><strong><em>ἐπὶ</em></strong></span> <span class='ocrx_word' id='word_1_291' title='bbox 1249 2587 1495 2630; x_wconf 88' lang='grc' dir='ltr'><strong><em>θάλασσαν.</em></strong></span> 
     </span>
     <span class='ocr_line' id='line_1_37' title="bbox 135 2651 1498 2711; baseline 0 -15"><span class='ocrx_word' id='word_1_292' title='bbox 135 2652 265 2704; x_wconf 73' lang='grc' dir='ltr'><strong><em>αὐτὸς</em></strong></span> <span class='ocrx_word' id='word_1_293' title='bbox 289 2654 365 2707; x_wconf 84' lang='grc' dir='ltr'><strong><em>μὲν</em></strong></span> <span class='ocrx_word' id='word_1_294' title='bbox 391 2652 441 2709; x_wconf 83' lang='grc' dir='ltr'><strong><em>δὴ</em></strong></span> <span class='ocrx_word' id='word_1_295' title='bbox 469 2651 492 2696; x_wconf 87' lang='lat'><em>5</em></span> <span class='ocrx_word' id='word_1_296' title='bbox 518 2655 787 2710; x_wconf 88' lang='grc' dir='ltr'><strong><em>Μαιάνδριος</em></strong></span> <span class='ocrx_word' id='word_1_297' title='bbox 813 2653 1000 2697; x_wconf 77' lang='grc' dir='ltr'><strong><em>ἐκπλιόει</em></strong></span> <span class='ocrx_word' id='word_1_298' title='bbox 1025 2653 1069 2697; x_wconf 83' lang='grc' dir='ltr'><strong><em>ἐκ</em></strong></span> <span class='ocrx_word' id='word_1_299' title='bbox 1094 2659 1169 2711; x_wconf 79' lang='grc' dir='ltr'><strong><em>τῆς</em></strong></span> <span class='ocrx_word' id='word_1_300' title='bbox 1192 2654 1364 2708; x_wconf 90' lang='grc' dir='ltr'><strong><em>Σάμου·</em></strong></span> <span class='ocrx_word' id='word_1_301' title='bbox 1395 2653 1498 2704; x_wconf 81' lang='grc' dir='ltr'><strong><em>τοὺς</em></strong></span> 
     </span>
     <span class='ocr_line' id='line_1_38' title="bbox 136 2719 1499 2778; baseline 0.001 -14"><span class='ocrx_word' id='word_1_302' title='bbox 136 2721 182 2764; x_wconf 83' lang='grc' dir='ltr'><strong><em>δὲ</em></strong></span> <span class='ocrx_word' id='word_1_303' title='bbox 196 2721 454 2777; x_wconf 86' lang='grc' dir='ltr'><strong><em>ἐπικούρους</em></strong></span> <span class='ocrx_word' id='word_1_304' title='bbox 474 2722 642 2773; x_wconf 88' lang='grc' dir='ltr'><strong><em>πάντας</em></strong></span> <span class='ocrx_word' id='word_1_305' title='bbox 656 2719 843 2773; x_wconf 86' lang='grc' dir='ltr'><strong><em>ὁπλίσας</em></strong></span> <span class='ocrx_word' id='word_1_306' title='bbox 858 2719 880 2765; x_wconf 89' lang='lat'><em>5</em></span> <span class='ocrx_word' id='word_1_307' title='bbox 894 2724 1118 2778; x_wconf 87' lang='grc' dir='ltr'><strong><em>Χαρίλεως</em></strong></span> <span class='ocrx_word' id='word_1_308' title='bbox 1137 2724 1206 2765; x_wconf 88' lang='grc' dir='ltr'><strong><em>καὶ</em></strong></span> <span class='ocrx_word' id='word_1_309' title='bbox 1221 2720 1499 2773; x_wconf 85' lang='grc' dir='ltr'><strong><em>ἀναπετάσας</em></strong></span> 
     </span>
    </p>
   </div>
   <div class='ocr_carea' id='block_1_4' title="bbox 1512 843 1561 868">
    <p class='ocr_par' dir='ltr' id='par_1_4' title="bbox 1512 843 1561 868">
     <span class='ocr_line' id='line_1_39' title="bbox 1512 843 1561 868; baseline 0 0"><span class='ocrx_word' id='word_1_310' title='bbox 1512 843 1561 868; x_wconf 76' lang='grc'><strong><em>145</em></strong></span> 
     </span>
    </p>
   </div>
   <div class='ocr_carea' id='block_1_5' title="bbox 1520 1856 1569 1881">
    <p class='ocr_par' dir='ltr' id='par_1_5' title="bbox 1520 1856 1569 1881">
     <span class='ocr_line' id='line_1_40' title="bbox 1520 1856 1569 1881; baseline 0 0"><span class='ocrx_word' id='word_1_311' title='bbox 1520 1856 1569 1881; x_wconf 78' lang='lat'><strong><em>146</em></strong></span> 
     </span>
    </p>
   </div>
  </div>
 </body>
</html>
