1794 3282
531 264 844 301 ΗΡΟΔΟΤΟΥ
872 265 914 301 Γ.
937 264 1083 300 55—58.
1405 254 1486 295 201

129 334 408 391 συνεγενόμην
440 333 594 390 (δήμου
626 333 706 390 γὰρ
738 334 892 376 τούτου
924 327 1010 389 ἧν),
1050 332 1096 384 ὃς
1134 334 1279 385 ξείνιον
1314 332 1491 375 πάντων

127 403 317 458 μάλιστα
343 400 469 455 ἐτίμα
493 417 540 444 τε
563 404 773 456 Σαμίους,
805 404 879 443 καί
903 400 945 443 οἱ
969 404 1030 456 τῴ
1056 402 1190 456 πατρὶ
1217 399 1298 456 ἔφη
1324 399 1490 453 Σάμιον

127 468 317 524 τοῦνομα
343 472 546 525 τεθῆναι,
581 465 650 512 ὅτι
676 468 718 511 οἱ
749 466 770 510 ὁ
798 466 942 524 πατὴρ
964 466 1128 524 ᾍρχίης
1160 467 1201 511 ἐν
1227 468 1362 523 Σάμῳ
1395 465 1491 523 ἀρι-

129 537 313 588 στεύσας
344 535 604 592 ἐτελεύτησε.
664 540 792 590 τιμᾶν
831 536 876 578 δὲ
905 539 1098 589 Σαμίους
1129 534 1230 592 ἔφη,
1271 535 1385 578 διότι
1415 551 1491 577 τα-

129 609 263 662 φῆναί
277 604 319 647 οἱ
337 603 410 647 τὸν
424 604 611 647 πάππον
627 604 810 660 δημοσίῃ
826 600 913 646 ὑπὸ
928 607 1118 656 Σαμίων.
1149 602 1490 656 Λακεδαιμόνιοι

129 673 187 725 δέ,
217 669 275 723 ὥς
301 687 383 729 σφι
407 671 721 728 τεσσεράκοντα
741 670 989 726 ἐγεγόνεσαν
1008 668 1165 726 ἡμέραι
1183 671 1491 725 πολιορκέουσι

128 740 288 794 Σάμον,
317 738 359 790 ἐς
383 738 432 782 τὸ
459 739 616 795 πρόσω
639 754 684 780 τε
710 735 832 780 οὐδὲν
858 738 1155 793 προεκόπτετο
1180 742 1266 781 τῶν
1291 737 1492 795 πρηγμά-

129 824 225 859 των,
259 805 593 849 ἀπαλλάσσοντο
628 805 670 855 ἒς
694 805 1036 861 Πελοπόννησον.
1099 803 1157 856 ὥς
1189 805 1235 847 δὲ
1260 802 1282 847 ὁ
1308 803 1492 858 ματαιό-

129 891 253 931 τερος
277 874 404 929 λόγος
430 870 626 929 ὥρμηται
651 874 917 927 λέγεσθαι,
950 872 1228 926 Πολυκράτεα
1260 871 1492 925 ἐπιχώριον

130 943 321 996 νόμισμα
345 940 545 995 κόψαντα
564 937 725 982 πολλὸν
744 939 962 993 μολύβδου
984 939 1374 994 καταχρυσώσαντα
1395 938 1494 980 δοῦ-

130 1013 201 1051 ναί
232 1024 331 1065 σφι,
370 1006 471 1058 τοὺς
503 1007 549 1049 δὲ
580 1007 836 1060 δεξαμένους
868 1003 979 1048 οὕτω
1019 1005 1068 1062 δὴ
1107 1004 1493 1049 ἀπαλλάσσεσθαι.

129 1076 287 1131 ταύτην
323 1074 499 1131 πρώτην
537 1075 766 1130 στρατηίην
804 1072 846 1124 ἒς
881 1071 954 1129 τὴν
981 1072 1121 1130 Ἀσίην
1151 1073 1495 1127 Λακεδαιμόνιοι

131 1145 320 1199 Δωριέες
346 1141 624 1198 ἐποιήσαντο.

219 1210 266 1253 Οἱ
304 1207 342 1252 δ’
366 1208 440 1253 ἐπὶ
476 1207 550 1252 τὸν
586 1208 867 1263 Πολυκράτεα
903 1207 1270 1265 στρατευσάμενοι
1300 1212 1490 1262 Σαμίων,

132 1277 228 1321 ἐπεὶ
260 1277 302 1320 οἱ
331 1276 673 1331 Λακεδαιμόνιοι
706 1273 863 1327 αὐτοὺς
895 1273 1152 1319 ἀπολείπειν
1190 1275 1383 1330 ἔμελλον,
1422 1278 1493 1318 καὶ

133 1343 256 1388 αὐτοὶ
290 1343 526 1388 ἀπέπλωον
559 1343 601 1395 ἐς
624 1347 800 1400 Σίφνον.
857 1343 1088 1399 χρημάτων
1112 1342 1192 1400 γὰρ
1219 1342 1408 1394 ἐδέοντο,
1441 1342 1496 1386 τὰ

133 1413 179 1455 δὲ
204 1416 288 1455 τῶν
307 1416 500 1469 Σιφνίων
525 1411 757 1468 πρήγματα
782 1409 940 1467 ἤκμαζε
964 1415 1115 1454 τοῦτον
1139 1409 1214 1453 τὸν
1230 1411 1396 1467 χρόνον,
1424 1413 1495 1453 καὶ

132 1483 376 1536 νησιωτέων
401 1479 593 1533 μάλιστα
619 1477 851 1521 ἐπλούτεον
885 1475 959 1520 ἅτε
991 1477 1146 1521 ε’όντων
1179 1476 1350 1522 αὐτοῖσι
1377 1478 1418 1522 ἐν
1443 1483 1495 1535 τῇ

133 1547 248 1603 νησῳ
272 1545 464 1604 χρυσέων
494 1548 566 1589 καὶ
597 1544 813 1603 ἀργυρέων
844 1546 1079 1599 μετάλλων,
1114 1543 1226 1588 οὕτω
1260 1543 1372 1589 ὥστε
1403 1545 1494 1589 ἀπὸ

133 1619 208 1670 τῆς
235 1614 412 1670 δεκάτης
437 1618 521 1656 τιῦν
546 1617 777 1669 γινομένων
804 1610 993 1656 αὐτόθεν
1014 1613 1244 1670 χρημάτων
1269 1612 1496 1669 θησαυρὸς

138 1681 178 1724 ἐν
193 1682 407 1737 Δελφοῖσι
427 1679 650 1724 ἀνακέεται
673 1678 804 1734 ὁμοῖα
817 1688 933 1723 τοῖσι
952 1681 1345 1723 πλουσιωτάτοισι·
1373 1678 1497 1723 αυτοὶ

137 1749 181 1791 δὲ
207 1747 261 1791 τὰ
285 1748 487 1804 γινόμενα
511 1752 572 1805 τῶ
599 1748 778 1804 ἐνιαυτιῦ
811 1747 977 1803 ἑκάστω
1006 1747 1206 1804 χρήματα
1238 1749 1495 1802 διενέμοντο.

137 1813 209 1860 ότε
235 1810 293 1858 ὦν
320 1815 542 1859 εποιεῦντο
568 1814 640 1859 τὸν
667 1815 904 1872 θησαυρόν,
923 1814 1133 1898 ἐχρέοντο
1164 1819 1224 1871 τῷ
1252 1820 1496 1872 χρηστηρίω

138 1883 175 1926 εἰ
202 1881 373 1926 αὐτοῖσι
398 1882 452 1926 τὰ
477 1883 696 1940 παρεόντα
723 1880 872 1938 ἀγαθὰ
895 1881 967 1925 οἷά
987 1885 1034 1925 τέ
1053 1881 1145 1925 ἐστι
1165 1882 1327 1926 πολλὸν
1344 1883 1499 1939 χρόνον

137 1954 418 2006 παραμένειν·
445 1948 469 2006 ἡ
497 1951 543 1993 δὲ
567 1954 715 2005 Πυθίη
743 1949 893 2007 ἔχρησε
917 1966 999 2007 σφι
1022 1950 1141 1993 τάδε.

193 2015 282 2060 ἀλλ’
306 2014 408 2061 ὅταν
435 2017 476 2060 ἕν
478 2022 649 2098 Σίφνῳ
676 2018 920 2074 πρυτανήια
945 2016 1073 2060 λευκὰ
1097 2020 1270 2073 γένηται

192 2085 432 2142 λεύκοφρύς
457 2083 489 2127 τ’
514 2083 659 2142 ἀγορή,
688 2085 787 2128 τότε
814 2084 863 2141 δη
892 2085 959 2128 δεῖ
983 2085 1233 2142 φράδμονος
1259 2083 1414 2140 ἀνδρός

193 2153 486 2210 φράσσασθαι
512 2153 679 2205 ξύλινόν
703 2169 748 2195 τε
755 2153 903 2233 λόχον
924 2153 1084 2210 κήρυκά
1110 2151 1144 2195 τ’
1168 2151 1368 2209 ερυθρόν.

135 2228 253 2263 τοῖσι
285 2220 331 2262 δὲ
361 2224 586 2277 Σιφνίοισι
616 2220 715 2263 τότε
746 2222 796 2276 ἠν
827 2218 851 2277 ἡ
879 2218 1011 2277 ἀγορὴ
1044 2222 1116 2263 καὶ
1148 2219 1196 2263 τὸ
1235 2220 1500 2276 πρυτανήιον

137 2290 287 2343 Παρίω
313 2288 429 2343 λίθω
455 2285 684 2343 ἠσκημένα.
743 2292 895 2330 τοῦτον
919 2287 993 2330 τὸν
1016 2287 1206 2344 χρησμὸν
1233 2285 1307 2330 οὐκ
1333 2286 1423 2329 οἶοί
1452 2304 1498 2329 τε

136 2356 244 2410 ἦσαν
275 2358 450 2409 γνῶναι,
486 2351 585 2396 ου’τε
615 2354 713 2397 τότε
740 2354 841 2406 ἷθυς
874 2352 972 2397 ου’τε
997 2359 1082 2397 τιῦν
1106 2358 1282 2408 Σαμίων
1315 2353 1502 2409 ἀπιγμέ-

136 2438 231 2465 νων.
282 2420 426 2464 επείτε
450 2420 530 2478 γὰρ
555 2421 738 2474 τάχιστα
763 2420 876 2476 πρὸς
900 2421 974 2478 τὴν
999 2426 1162 2478 Σίφνον
1186 2425 1430 2484 προσέσχον
1457 2420 1500 2463 οἱ

136 2489 312 2543 Σάιιιοι,
341 2488 537 2542 έπειιπον
562 2492 647 2531 τῶν
671 2492 776 2531 νεῶν
794 2492 897 2542 μίαν
916 2492 1132 2544 nqe'ob’eag
1154 2488 1342 2544 ἄγουσαν
1366 2488 1407 2539 ἐς
1426 2486 1501 2544 τὶν

137 2557 282 2599 πόλιν.
332 2554 380 2598 τὸ
408 2556 454 2598 δὲ
478 2553 668 2598 παλαιὸν
694 2552 866 2599 α’πασαι
893 2555 938 2598 αἱ
963 2559 1051 2606 νέες
1075 2557 1182 2612 ἠσαν
1201 2557 1499 2612 μιλτηλιφέες·

137 2625 210 2666 καὶ
246 2617 296 2679 ἧν
326 2627 454 2666 τοῦτο
491 2620 540 2665 τὸ
578 2619 602 2679 ἡ
633 2626 781 2679 Πυθίη
814 2623 1080 2679 προηγόρευε
1116 2631 1232 2666 τοῖσι
1262 2628 1498 2679 Σιφνίοισι,

140 2692 426 2748 φυλάξασθαι
450 2688 524 2733 τὸν
551 2690 715 2742 ξύλινον
734 2690 859 2743 λόχον
879 2691 1112 2733 κελεύουσα
1132 2692 1200 2733 καὶ
1221 2691 1380 2747 κήρυκα
1406 2689 1503 2746 ἔρυ-

139 2759 264 2815 θρόν.
315 2755 574 2813 ἀπικόμενοι
600 2755 641 2800 δ’
661 2751 719 2800 ὦν
746 2757 786 2800 οἱ
813 2756 984 2814 ἄγγελοι
1011 2757 1178 2801 ἐδέοντο
1203 2763 1287 2802 τῶν
1307 2762 1502 2815 Σιφνίων

1513 613 1547 639 56

1519 1221 1551 1245 5?

1523 2300 1558 2324 58
