1794 3282
265 272 350 314 270
679 276 994 313 ΗΡΟΔΟΤΟΥ
1023 277 1065 311 Δ.
1092 277 1145 312 71.
1173 277 1226 312 72.

262 350 543 405 θυμιήματος
573 347 646 389 καὶ
677 347 844 389 σελίνου
878 344 1129 401 σπέρματος
1159 347 1231 388 καὶ
1268 343 1448 402 ἆνήσου,
1488 361 1637 402 συνερ-

264 420 479 474 ραμμένην
494 412 653 466 ὀπίσω,
679 415 753 456 καὶ
770 413 995 468 κομίζουσι
1016 411 1057 455 ἐν
1072 410 1214 469 ἁμάξῃ
1230 411 1272 464 ἐς
1292 410 1396 456 ἄλλο
1417 412 1561 465 ἔθνος.
1594 414 1638 455 οἳ

266 482 305 527 δ’
322 482 372 526 ἂν
391 482 726 540 παραδέξωνται
744 480 1012 536 κομισθέντα
1031 478 1104 523 τὸν
1123 480 1280 537 νεκρόν,
1301 485 1478 524 ποιεῦσι
1497 479 1637 537 τάπερ

266 551 307 594 οἱ
342 550 569 607 βασιλήιοι
605 551 799 594 Σκύθαι·
842 552 920 591 τοῦ
959 545 1071 599 ὠτὸς
1109 545 1452 603 ἀποτάμνονται,
1490 551 1639 605 τρίχας

264 622 606 676 περικείρονται,
652 620 886 673 βραχίονας
922 616 1280 671 περιτάμνονται,
1325 614 1530 670 μέτωπον
1565 616 1640 657 καὶ

266 688 362 742 ῥῖνα
392 686 765 740 καταμύσσονται,
807 683 880 727 διὰ
912 688 987 740 τῆς
1019 681 1247 740 ἀριστερῆς
1280 681 1427 739 χειρὸς
1465 678 1641 733 ὀϊστοὺς

267 753 558 808 διαβύνονται.
599 752 801 796 ἐνθεῦτεν
822 752 868 794 δὲ
887 751 1113 806 κομίζουσι
1134 750 1175 793 ἒν
1195 755 1246 808 τῇ
1262 748 1404 807 ἁμάξῃ
1425 749 1499 794 τὸν
1519 753 1640 793 νέκυν

266 826 343 865 τοῦ
368 820 574 876 βασιλέος
599 820 642 871 ἐς
668 817 772 863 ἄλλο
800 819 929 870 ἔθνος
948 823 1034 862 τῶν
1055 817 1254 875 ἄρχουσι·
1282 818 1324 861 οἱ
1344 819 1391 861 δέ
1410 834 1492 875 σφι
1512 817 1642 861 ἕπον-

267 907 340 933 ται
371 888 414 940 ἒς
443 887 546 940 τοὺς
574 888 788 945 πρότερον
819 881 970 943 ἦλθον.
1022 886 1155 930 ἐπεὰν
1189 887 1235 929 δὲ
1265 886 1434 937 πάντας
1465 887 1641 943 περιέλ-

268 961 391 1001 θωσι
414 955 489 1000 τὸν
514 959 634 999 νέκυν
658 956 922 1010 κομίζοντες,
958 954 999 998 ἐν
1023 958 1229 1012 Γέρροισι
1255 954 1413 1008 ἔσχατα
1443 970 1644 1010 κατοικη-

270 1029 440 1080 μένοισί
465 1024 552 1068 εἰσι
576 1028 662 1067 τῶν
689 1023 852 1067 ἐθνέων
876 1027 962 1066 τιῦν
989 1019 1169 1079 ἄρχουσι
1190 1024 1262 1064 καὶ
1282 1021 1324 1065 ἕν
1342 1026 1444 1079 τῇσι
1461 1025 1642 1078 ταφῇσι.

271 1095 343 1134 καὶ
369 1091 556 1144 ἔπειτεν,
592 1090 724 1135 ἐπεὰν
750 1090 895 1134 θέωσι
919 1089 993 1133 τὸν
1023 1093 1142 1133 νέκυν
1174 1089 1215 1132 ἐν
1246 1094 1346 1145 τῇσι
1377 1089 1542 1146 θήκῃσι
1568 1087 1644 1132 ἐπὶ

273 1160 497 1214 στιβάδος,
543 1159 881 1214 παραπήξαντες
920 1155 1078 1211 αἰχμὰς
1121 1156 1246 1199 ἔνθεν
1287 1158 1360 1199 καὶ
1402 1156 1527 1199 ἔνθεν
1564 1160 1642 1198 τοῦ

271 1231 418 1283 νεκροῦ
452 1227 559 1279 ξύλα
589 1224 895 1283 ῦπερτείνουσι
925 1227 997 1267 καὶ
1036 1224 1203 1267 ἔπειτεν
1241 1225 1342 1281 ῥιψὶ
1377 1223 1644 1279 καταστεγά-

274 1296 414 1347 ζουσι,
449 1293 490 1337 έν
518 1295 564 1337 δὲ
588 1298 638 1351 τῇ
665 1295 799 1349 λοιπῇ
826 1291 1061 1349 εῦρυχωρίῃ
1093 1297 1168 1348 τῆς
1193 1292 1333 1348 θήκης
1363 1296 1448 1335 τῶν
1473 1293 1644 1335 παλλα-

272 1362 378 1405 κέων
409 1378 456 1404 τε
485 1365 589 1416 μίαν
621 1359 940 1412 ἀποπνίξαντες
971 1361 1203 1403 θάπτουσι
1239 1361 1313 1402 καὶ
1342 1358 1416 1403 τὸν
1449 1359 1643 1412 οἰνοχόον

272 1432 345 1472 καὶ
374 1429 579 1485 μάγειρον
609 1430 682 1470 καὶ
715 1427 965 1481 ἱπποκόμον
996 1429 1067 1469 καὶ.
1107 1427 1303 1483 διήκονον
1339 1428 1412 1469 καὶ
1450 1424 1646 1482 ἀγγελιη-

275 1498 413 1554 φόρον
439 1498 511 1538 καὶ
535 1496 705 1546 ἵππους
729 1496 800 1537 καὶ
825 1499 911 1538 τῶν
938 1492 1079 1537 ἄλλων
1112 1491 1317 1537 ἁπάντων
1349 1492 1550 1550 ἀπαρχὰς
1574 1496 1646 1537 καὶ

275 1565 439 1622 φιάλας
460 1566 666 1621 χρυσέας·
705 1560 877 1619 ἀργύρῳ
911 1562 957 1604 δὲ
984 1559 1107 1604 οῦδὲν
1134 1559 1235 1605 οῦδὲ
1263 1564 1410 1619 χαλκῷ
1429 1562 1644 1620 χρέονται.

273 1636 412 1675 ταῦτα
439 1632 485 1673 δὲ
510 1631 776 1687 ποιήσαντες
797 1634 925 1684 χοῦσι
950 1630 1111 1680 πάντες
1132 1633 1261 1684 χῶμα
1284 1629 1413 1685 μέγα,
1443 1629 1647 1685 ἆμιλλεό-

275 1716 397 1754 μενοι
422 1700 495 1741 καὶ
519 1698 880 1754 προθυμεόμενοι
906 1695 965 1748 ὦς
983 1702 1187 1754 μέγιστον
1207 1701 1408 1754 ποιῆσαι.
1449 1698 1646 1742 ἐνιαυτοῦ

278 1768 323 1810 δὲ
347 1770 693 1824 περιφερομένου
727 1759 850 1816 αῦτις
875 1770 1053 1809 ποιεῦσι
1083 1765 1267 1809 τοιόνδε.
1327 1766 1532 1820 λαβόντες
1561 1770 1647 1809 τῶν

277 1838 444 1878 λοιπῶν
480 1834 769 1892 θεραπόντων
805 1832 906 1884 τοὺς
949 1832 1327 1889 έπιτηδεωτάτους
1370 1833 1435 1886 (οἱ
1478 1834 1525 1877 δέ
1561 1833 1648 1877 εἶσι

277 1903 452 1946 Σκύθαι
472 1901 675 1958 ἐγγενέες·
703 1895 825 1944 οῦτοι
843 1899 923 1958 γὰρ
945 1900 994 1956 δὴ
1009 1901 1314 1958 θεραπεύουσι
1332 1900 1432 1952 τοὺς
1447 1899 1498 1944 ἂν
1517 1899 1647 1952 αὐτὸς

280 1969 301 2013 ὁ
327 1969 532 2024 βασιλεὺς
556 1969 753 2025 κελεύσῃ,
788 1966 1083 2024 ἀργυρώνητοι
1115 1969 1161 2011 δὲ
1187 1967 1261 2011 οῦκ
1293 1969 1379 2012 εἰσί
1404 1984 1486 2025 σφι
1510 1968 1648 2025 θερά-

281 2039 453 2090 ποντες)
478 2037 644 2080 τούτων
671 2030 728 2078 ὦν
753 2040 838 2078 τῶν
865 2035 1072 2091 διηκόνων
1094 2035 1225 2079 ἐπεὰν
1246 2033 1526 2088 ἀποπνίξωσι
1545 2052 1648 2078 πεν-

279 2106 462 2161 τήκοντα
502 2105 573 2146 καὶ
617 2103 785 2154 ἵππους
827 2102 927 2153 τοὺς
969 2104 1326 2154 καλλιστεύοντας
1368 2103 1644 2158 πεντήκοντα,

282 2171 495 2224 ἐξελόντες
527 2169 666 2214 αῦτιῦν
697 2168 770 2226 τὴν
802 2171 964 2225 κοιλίην
995 2171 1068 2212 καὶ
1096 2170 1367 2227 καθήραντες
1398 2168 1648 2225 ἐμπιπλᾶσι

283 2238 450 2295 ἀχύρων
475 2240 547 2281 καὶ
573 2238 893 2295 συρράπτουσι·
921 2235 1085 2292 ἁψῖδος
1112 2238 1158 2280 δὲ
1184 2235 1314 2294 ἥμισυ
1343 2236 1417 2281 ἐπὶ
1444 2237 1521 2280 δύο
1543 2238 1648 2291 ξύλα

283 2308 514 2363 στήσαντες
545 2303 701 2349 ῦπτιον
732 2307 803 2347 καὶ
839 2303 888 2348 τὸ
923 2304 1065 2361 ἕτερον
1096 2302 1228 2360 ἥμισυ
1266 2310 1343 2362 τῆς
1380 2302 1547 2361 ἁψῖδος
1578 2303 1645 2350 ἐπ’

283 2375 405 2430 ἕτερα
439 2374 534 2426 δύο,
573 2373 896 2429 καταπήξαντες
925 2372 1078 2429 τρόπῳ
1110 2372 1309 2428 τοιούτῳ,
1329 2372 1473 2417 πολλὰ
1497 2377 1647 2426 ταῦτα,

284 2442 450 2485 ἔπειτεν
481 2445 566 2485 τῶν
597 2441 748 2484 ἵππων
779 2439 888 2483 κατὰ
924 2439 979 2484 τὰ
1014 2440 1152 2496 μήκεα
1188 2440 1293 2492 ξύλα
1328 2444 1473 2495 παχέα
1506 2441 1650 2484 διελά-

285 2526 435 2560 σαντες
459 2512 584 2564 μέχρι
608 2513 693 2551 τιῦν
717 2508 938 2566 τραχήλων
965 2506 1280 2563 ἀναβιβάζουσι
1301 2505 1458 2559 αὖτοὺς
1479 2506 1554 2551 ἐπὶ
1571 2507 1650 2560 τὰς

286 2577 466 2633 ἁψῖδας.
515 2582 600 2620 τῶν
628 2577 673 2619 δὲ
699 2577 745 2618 αἱ
768 2577 844 2631 μὲν
876 2576 1089 2632 πρότεραι
1121 2573 1281 2631 ἁψῖδες
1306 2574 1518 2629 ὑπέχουσι
1547 2574 1652 2627 τοὺς

287 2644 432 2700 ὤμους
456 2649 540 2688 τῶν
564 2645 729 2695 ἵππων,
764 2644 811 2686 αἱ
836 2644 882 2686 δὲ
908 2641 1076 2687 ὄπισθε
1100 2642 1223 2701 παρὰ
1252 2642 1354 2695 τοὺς
1382 2642 1544 2701 μηροὺς
1570 2642 1649 2694 τὰς

286 2719 494 2770 γαστέρας
521 2710 902 2767 ὑπολαμβάνουσι·
936 2711 1087 2754 σκέλεα
1114 2712 1159 2754 δὲ
1185 2709 1414 2768 ἀμφότερα
1444 2714 1648 2767 κατακρέ-

287 2799 422 2837 μαται
452 2785 659 2836 μετέωρα.
712 2779 914 2834 χαλινοὺς
946 2780 991 2822 δὲ
1023 2781 1093 2822 καὶ
1126 2781 1285 2834 στόμια
1317 2777 1575 2834 ἐμβαλόντες
1606 2776 1649 2828 ἒς
