1794 3282
510 235 605 261 VITA
629 236 679 261 ET
704 234 878 262 SCRIPTIS
905 235 1203 264 COMMENTATIO·
1443 236 1581 267 XXVII

128 308 186 342 Ac
238 307 348 342 rimus
377 307 524 387 Quidem
552 309 620 343 hoc
642 308 734 343 libro
756 321 841 344 usus
868 310 903 343 in
917 311 1067 353 qratiam
1091 311 1236 344 collatus
1258 317 1306 344 est
1329 312 1373 355 (a
1390 314 1582 356 posteriore

128 357 183 387 est
252 352 345 386 hom.
417 353 535 396 aleus,
576 353 638 398 qui
671 353 842 389 brevibus
866 356 998 400 quidem
1014 356 1206 399 diligentius
1223 357 1282 390 sed
1297 368 1318 390 a
1335 363 1454 390 neutro
1468 363 1580 391 tamen

127 397 221 431 notis
249 408 272 431 a
300 397 414 432 codic.
438 398 548 432 Arch.
570 401 634 439 (=
652 397 695 441 S)
725 400 841 433 ductis
867 401 950 433 satis
967 403 1146 442 accurate)
1163 402 1257 445 apud
1271 413 1323 435 me
1338 402 1469 444 habere,
1487 414 1579 436 sum-

127 441 323 476 editionem
340 442 517 477 Herodoti
541 443 712 486 (Londini
737 445 838 488 1679)
866 456 987 490 maque
1003 447 1112 479 animi
1132 448 1374 491 oculorumque
1396 448 1580 482 intentione

127 487 406 522 commendaret.
462 489 607 534 Infinita
643 496 723 522 sunt
754 501 841 534 quae
866 501 1002 524 versare
1019 491 1122 524 licuit.
1156 492 1232 524 inde
1248 490 1378 533 factum
1395 498 1442 525 est
1458 498 1579 526 utnon

125 543 190 576 ope
217 533 342 566 codicis
371 534 618 577 archiepiscopi
648 536 843 568 instaurari
866 537 964 568 modo
988 542 1106 569 errata
1129 537 1296 580 quaedam
1321 538 1495 580 corrz'yere
1521 539 1581 571 sed

125 583 271 621 queant‚·
293 583 341 611 est
358 579 445 611 enim
462 579 525 612 isto
544 579 578 611 z'n
592 591 716 623 genere
733 591 837 623 prae·
867 586 901 613 ut
933 581 1092 614 lectiones
1129 581 1221 614 haud
1246 593 1381 625 paucas
1416 583 1580 616 kactenus

124 623 361 656 stantissz'mus.
399 624 468 658 Sed
483 625 600 666 malui,
618 625 741 657 indicio
759 636 839 658 con-
866 626 1009 658 omissas
1047 637 1122 658 cum
1150 627 1288 669 publico
1329 628 1579 661 communicare

126 673 235 700 tentus
251 673 282 701 et
299 674 390 710 voto,
416 675 452 701 ut
470 670 594 713 aliquis
616 670 760 711 oriatur,
785 671 841 702 cui
860 671 1040 713 potuerim.
1059 690 1104 695 —
1127 677 1227 715 atque
1248 672 1344 705 istius
1368 673 1498 717 quidem
1521 683 1577 706 co-

124 713 228 745 olz'um
244 714 286 746 sit
303 714 438 746 uberius
461 720 491 747 et
514 715 684 757 z‘nyenz'um
706 715 752 747 ad
767 715 837 747 He·
865 715 947 747 dicis
961 726 1033 758 ope,
1048 726 1119 749 una
1132 726 1207 748 cum
1220 717 1416 750 lectionibus
1430 718 1579 750 aliorum

124 758 266 791 rodotea
279 759 543 802 perpurqanda,
567 759 654 791 hanc
671 759 749 791 aliis
767 764 837 791 tra-
864 760 1017 792 codicum
1036 761 1118 803 plus
1139 761 1290 794 minusve
1317 761 1493 805 diligenter
1520 773 1577 796 ez·-

127 803 215 836 dere.
261 802 336 837 Nos
354 803 500 846 quidem
516 812 633 846 neque
652 801 759 836 Galei
775 813 837 836 no-
865 805 988 847 cerpn's
1010 805 1112 838 verba
1135 807 1286 838 auctoris
1310 807 1429 850 aliqua
1455 808 1576 841 saltem

123 850 180 880 tas
197 847 340 881 criticas
354 858 471 891 neque
486 847 640 880 certiora
654 857 696 880 ex
711 847 903 918 eodemlesc
916 854 1017 891 parte
1039 850 1085 881 ad
1108 850 1271 882 veriorem
1293 851 1501 894 scripturam
1523 863 1577 884 re-

124 891 247 925 codice
262 891 837 936 excerpta,quibusVVesselingio
864 904 986 926 uocare
1008 900 1150 926 conatus
1165 905 1250 926 snm.
1299 894 1356 927 Ac
1378 895 1576 929 conceden-

122 936 177 969 uti
193 936 296 970 licuit
312 936 440 980 (praef.
460 948 494 980 p.
514 943 602 978 xxx),
626 940 709 980 post
732 947 835 970 accu-
864 937 948 970 dum
974 941 1046 979 est,
1071 937 1228 972 scribam
1252 937 1497 973 Sancroftiani
1520 950 1577 974 co-

121 984 239 1015 ratam
262 980 424 1014 eiusdem
443 980 577 1015 codicis
596 981 836 1015 conlationem
863 982 952 1015 dicis
970 992 1033 1016 seu
1049 983 1169 1027 potius
1187 987 1371 1017 auctorem
1384 985 1578 1029 archetypi

122 1025 169 1060 ab
193 1024 401 1060 Gaisfordio
424 1026 711 1071 redintegratam
734 1037 834 1060 cura·
861 1026 968 1069 illius,
984 1038 1002 1060 e
1017 1037 1089 1070 quo
1105 1027 1455 1063 S.V.Laur.Vallae
1469 1029 1573 1071 liber,

122 1071 250 1104 bimus.
297 1070 526 1105 Gaisfordius
549 1071 678 1122 igitur,
708 1071 771 1115 qui
800 1076 836 1105 et
861 1072 923 1105 alii
942 1072 1059 1115 ducti,
1084 1072 1278 1116 aliquoties
1300 1073 1390 1108 scite
1414 1078 1451 1108 et
1471 1074 1573 1120 inge—

121 1116 199 1161 ipse
213 1115 374 1150 codicem
389 1116 679 1160 antiqujsmmum
693 1121 729 1150 et
743 1116 834 1161 opti·
861 1116 960 1150 niose
974 1117 1061 1151 locis
1074 1118 1168 1152 male
1182 1118 1318 1152 habitis
1331 1129 1436 1164 opem
1449 1119 1576 1154 tulisse

122 1172 219 1195 mum
236 1160 338 1204 dixit,
358 1161 402 1195 de
420 1161 489 1196 hoc
505 1161 557 1195 ita
574 1161 716 1195 scribit:
738 1163 836 1200 Quod
862 1166 897 1196 et
913 1163 1110 1207 permultos
1123 1163 1335 1207 praesertim
1350 1164 1447 1198 locos
1461 1164 1576 1198 levius

121 1208 167 1240 ad
197 1208 461 1240 emendationem
492 1213 665 1240 contextus
693 1213 832 1251 spectat,
861 1212 1047 1251 corruptos
1061 1208 1245 1242 commode
1259 1209 1471 1243 restituisse.
1498 1209 1574 1244 Hu-

116 1263 180 1296 ρει·
201 1252 366 1295 insiqnem
392 1253 654 1285 benevolentiam
672 1253 837 1296 Blayz'slz'i
859 1252 1014 1286 iusmodi
1047 1252 1181 1286 leviora
1214 1253 1396 1288 scribendi
1431 1255 1574 1297 menda,

120 1303 150 1330 et
165 1297 334 1330 sociorum
348 1298 483 1341 colleyz'z'
494 1298 729 1330 Emmanuelis
743 1299 836 1341 apud
860 1297 990 1341 quibus
1007 1297 1155 1331 alterius
1173 1297 1334 1333 familiae
1352 1299 1495 1334 codices
1514 1300 1574 1334 de-

123 1342 418 1386 Canlabriqienses
457 1343 605 1376 codicem
641 1343 833 1376 manuscri-
859 1343 1002 1387 pravati
1031 1347 1130 1386 sunt,
1159 1343 1252 1378 bene
1282 1345 1436 1378 correxit
1464 1345 1572 1379 libra-

116 1387 624 1432 ptumSancroftz‘anunz‚quia
640 1388 832 1431 Galeoprz'-
859 1387 943 1421 rius.
997 1388 1173 1432 Exempla
1202 1389 1375 1423 nonnulla
1402 1389 1504 1424 brevi
1537 1390 1574 1423 in

119 1444 225 1476 mum,
249 1433 367 1466 deinde
390 1433 433 1466 ab
450 1434 591 1466 Ascevz'o
621 1432 837 1477 Wesselz'nyiz·
861 1437 1057 1478 conspectu
1073 1444 1216 1478 ponam.
1250 1434 1440 1480 Leguntur
1456 1435 1493 1468 in

451 1499 528 1533 MP
537 1500 565 1533 F
574 1500 626 1533 K:
1155 1500 1178 1535 S
1189 1501 1239 1535 V:

177 1545 215 1579 II
263 1545 306 1579 79
342 1544 427 1579 ἄλλα
445 1559 483 1578 τε
501 1543 599 1585 ἅπαξ
615 1543 637 1579 ἅ
655 1548 730 1579 ἐστι
780 1571 786 1578 .
836 1543 923 1578 ἄλλα
940 1559 978 1579 τε
996 1545 1124 1584 ἐπάξιά
1143 1550 1218 1580 ἐστι

175 1590 214 1623 Π
262 1590 304 1624 19
342 1590 450 1626 πέλας
487 1617 493 1624 .
546 1617 553 1623 .
603 1617 610 1624 .
664 1617 669 1623 .
722 1617 728 1623 .
780 1617 786 1624 .
840 1590 996 1625 πελάσας

155 1634 214 1669 III
238 1636 305 1669 130
341 1639 400 1668 καὶ
417 1634 604 1678 ἧπιάματα
622 1636 665 1669 τὰ
722 1662 728 1668 .
781 1661 787 1668 .
837 1639 896 1668 καὶ
912 1634 1000 1677 ἤπια
1016 1635 1106 1678 μετὰ
1124 1635 1168 1669 τὰ

344 1680 469 1724 ἰσχυρὰ
488 1682 686 1726 προσάγων
838 1680 962 1724 ἰσχυρὰ
982 1681 1182 1726 προσάγων

160 1724 215 1761 IV*
240 1726 306 1761 189
341 1729 623 1759 APTHEIZIN
663 1752 670 1759 .
721 1752 727 1759 .
779 1751 787 1759 .
835 1730 873 1759 A
882 1729 1085 1759 YTHJZIN'

340 1773 397 1812 (=
414 1769 503 1817 αὐτῇ
522 1772 624 1814 εἰσίν)
853 1787 896 1798 --
914 1769 1075 1816 αὐτῇσιν)

138 1815 212 1850 VII
260 1816 302 1849 11
337 1819 496 1858 Αριινέω
546 1842 788 1849 .....
835 1816 1082 1859 Ἀριαράμνεω

119 1861 211 1895 VIII
258 1860 302 1894 41
337 1860 474 1903 μᾶλλόν
487 1875 521 1893 τι
535 1865 592 1894 καὶ
609 1862 790 1905 πρότερον
836 1860 973 1904 μᾶλλόν
985 1875 1019 1894 τι
1035 1865 1093 1894 καὶ
1110 1861 1397 1907 προθυμότερον
1412 1862 1456 1904 (v.
1472 1862 1489 1896 l
1503 1862 1569 1905 96).

118 1905 211 1940 VIII
281 1907 302 1940 5
338 1909 550 1939 ΠΑΝΤΕΣ
564 1907 727 1951 (πάντες)
782 1932 788 1939 .
837 1909 1151 1940 ΠΛΗΓΕΝΤΕΣ
1165 1905 1382 1952 (πληγέντες)

154 1951 213 1985 IH
258 1951 301 1986 98
337 1949 468 1994 τοιῷδε
485 1950 684 1984 δεκτιῦνται
722 1977 729 1984 .
780 1977 787 1984 .
836 1951 969 1994 τοιῷδε
987 1953 1154 1985 κτῶνται.

114 2018 289 2052 Eiusdem
305 2018 450 2064 generis
472 2018 560 2053 vitia
581 2022 773 2053 occurrunt
788 2019 826 2052 in
852 2018 1018 2052 ctoritate
1057 2018 1250 2062 iudicavit,
1290 2030 1371 2053 cum
1412 2019 1568 2054 diceret:

116 2064 218 2098 libris
248 2063 426 2097 MPFK
454 2063 472 2097 I
497 2065 552 2098 41.
579 2065 654 2098 170.
685 2064 741 2098 ΙΙΙ
770 2065 823 2098 16.
848 2076 953 2108 yeyen
985 2065 1046 2097 das
1074 2065 1294 2108 einstz'mmz'ye
1320 2066 1472 2109 Zeayrzz's
1507 2078 1572 2099 von

114 2109 170 2143 34.
188 2109 244 2143 41.
263 2108 318 2143 78.
344 2109 420 2142 117.
445 2109 521 2143 124.
545 2109 600 2143 IV
620 2109 695 2143 124.
719 2109 754 2144 V
771 2111 825 2143 11.
852 2110 1017 2142 SVabcd
1037 2109 1148 2153 (abcd
1171 2113 1253 2143 sunt
1268 2108 1448 2153 Parisini)
1472 2112 1567 2144 kann

115 2155 171 2189 52.
190 2154 243 2188 75.
266 2154 322 2188 82.
341 2154 395 2188 85.
414 2154 469 2187 87.
488 2155 543 2189 93.
568 2154 623 2189 VI
645 2155 675 2188 9.
695 2155 750 2189 33.
770 2155 824 2189 73.
852 2155 915 2188 (Ias
929 2155 987 2188 (Ζει-
1000 2155 1075 2188 drea·
1086 2156 1167 2188 oder
1180 2156 1249 2189 vz'er
1269 2157 1417 2189 anderen
1432 2156 1575 2190 MPFK

114 2200 172 2234 83.
191 2199 263 2234 VII
281 2199 312 2233 6.
331 2199 386 2233 60.
406 2199 459 2233 73.
474 2200 529 2233 87.
544 2200 622 2233 205.
636 2200 715 2242 229,
733 2209 827 2243 quae
854 2212 920 2232 nur
943 2201 1045 2233 selten
1070 2201 1144 2245 (ἓὲ)
1169 2200 1203 2233 in
1228 2201 1391 2234 Retracht
1414 2203 1570 2234 lcommen

116 2243 271 2278 correxit
292 2244 483 2289 archetypi
510 2244 607 2278 illius
636 2249 778 2287 auctor,
810 2255 828 2278 e
855 2246 866 2288 ζ
871 2244 916 2278 cf.
937 2244 1036 2278 Neue
1051 2246 1172 2279 Jahrb.
1190 2245 1216 2287 f.
1238 2246 1362 2279 Philol.
1380 2247 1445 2279 Bel.
1464 2246 1507 2279 75
1530 2248 1567 2280 S.

117 2300 188 2333 quo
207 2288 498 2333 Sancroftianus‚
523 2289 828 2332 Vindobonensis‚
857 2289 921 2323 142
936 2294 1030 2333 sqq.)
1064 2288 1285 2334 Saepissime
1301 2290 1396 2324 enim
1411 2291 1569 2325 eruditu-

117 2334 193 2377 alii,
217 2334 369 2368 derivati
387 2338 479 2368 sunt.
529 2334 634 2375 Quod
651 2335 761 2369 nolim
779 2335 830 2369 sic
855 2335 929 2368 lum
958 2338 1197 2369 correctorem
1224 2339 1360 2369 temere
1389 2339 1426 2369 et
1452 2336 1568 2380 impu-

118 2379 331 2423 accipiatur,
348 2383 387 2412 ut
405 2378 697 2413 Sancroftianum
715 2390 830 2424 aeque
856 2380 983 2413 denter
1005 2380 1100 2413 male
1121 2390 1210 2413 sana
1231 2380 1440 2414 molientem
1457 2391 1567 2425 agno-

118 2435 164 2458 ac
179 2424 516 2467 Vindobonensem‚
542 2425 571 2458 si
594 2425 711 2458 minus
729 2425 830 2459 char·
856 2436 927 2466 sco,
946 2425 1008 2468 qui
1025 2424 1180 2469 primum
1197 2425 1354 2458 offensus
1370 2429 1411 2458 ut
1426 2425 1570 2459 videtur

118 2473 237 2503 tarum
268 2469 524 2513 literarumque
556 2474 754 2513 vetustate,
794 2474 831 2503 at
857 2469 992 2503 crebris
1040 2469 1326 2514 digressionibus
1369 2470 1567 2514 permultas

120 2514 316 2548 lectionum
339 2513 492 2548 mirifica
519 2514 562 2554 (‘?)
592 2525 701 2558 saepe
729 2514 830 2548 boni-
857 2514 1104 2558 imprudenter
1135 2514 1292 2548 abscidit
1324 2524 1415 2548 neve
1447 2515 1567 2549 hiatus

118 2564 196 2594 tate
224 2559 382 2605 reliquos
410 2559 626 2593 antecedere
648 2560 831 2593 iudicave—
856 2559 978 2593 taedio
995 2559 1113 2593 forent
1129 2570 1259 2593 nexum
1273 2559 1474 2603 seriemque
1489 2571 1566 2594 ora-

119 2605 188 2639 rim
205 2615 286 2639 cum
303 2604 453 2648 SteiniQ
477 2604 644 2647 Galcum,
669 2601 830 2638 Gaisfor-
856 2604 962 2637 tionis
977 2604 1107 2638 callide
1122 2604 1270 2649 aptavit.
1291 2602 1401 2638 Cuius
1414 2605 1467 2639 rei
1480 2616 1567 2639 non-

120 2649 222 2683 dium
244 2653 367 2684 secuto
390 2648 427 2683 in
454 2649 641 2683 vindiciar.
667 2649 830 2684 Herodo-
856 2649 954 2683 nulla
986 2649 1136 2682 afferam
1169 2649 1334 2693 exempla
1372 2650 1566 2684 luculenta.

118 2699 208 2729 tear.
228 2705 324 2739 spec.
343 2706 379 2739 p.
393 2695 427 2737 2,
445 2694 506 2739 qui
524 2694 629 2728 citius
643 2705 752 2739 quam
765 2706 832 2739 par
856 2695 911 2728 Ac
928 2694 1082 2739 primum
1097 2694 1242 2738 quidem
1256 2694 1338 2728 libri
1354 2694 1369 2727 1
1385 2695 1566 2739 capitibus

119 2744 198 2775 erat
215 2740 259 2775 de
277 2740 442 2775 codicum
458 2740 618 2785 pondere
642 2744 750 2785 atque
768 2751 829 2774 au·
854 2739 989 2774 46-52
1012 2739 1058 2774 ab
1083 2738 1144 2775 SV
1167 2739 1294 2784 Valla,
1323 2739 1404 2774 aliis
1426 2740 1568 2774 omissis
