1794 3282
511 270 604 295 VITA
628 271 678 296 ET
702 270 873 296 SCRIPTIS
900 270 1198 297 COMMENTATIO.
1320 263 1329 266 l
1477 269 1578 297 XVII

178 342 281 379 VIII.
318 342 546 377 Herodotum
578 355 714 378 summo
747 355 842 378 scru—
868 343 1185 388 peregrinantibus
1201 347 1344 377 nostrae
1367 343 1498 377 aetatis
1521 355 1579 377 ac·

130 388 234 422 tandi
264 387 582 432 investigandique
614 389 732 423 studio
765 400 844 433 per·
869 389 1026 422 curatius
1041 388 1194 433 cognitis
1206 390 1295 425 satis
1309 388 1421 423 firmis
1433 388 1579 422 rationi-

130 437 270 468 motum
291 443 378 467 vera
399 433 544 467 tradere
562 433 718 468 voluisse
741 435 787 477 (v.
807 445 842 478 p.
869 433 935 467 bus
946 435 1217 468 demonstratum
1227 430 1579 468 est(cf.K.O.Miiller

129 482 207 521 vm)
230 489 312 512 cum
333 477 427 512 aliae
444 478 501 511 res
519 478 733 513 documento
751 482 843 522 sunt,
855 497 857 537 d
866 491 919 522 φ’.
935 479 1216 522 Literamryesch.
1230 478 1249 512 Ι
1261 478 1344 512 492ε
1368 479 1440 512 Wie
1454 478 1504 522 oft
1519 480 1579 512 Ῐια-

129 526 209 556 tum
235 526 310 556 tres
338 523 584 557 narrationum
616 523 765 557 fontes
797 523 930 557 abhen
946 535 1068 557 neuere
1084 524 1266 565 Rez'sende,
1292 523 1578 567 Naturforscher,

130 568 212 612 ipso
250 568 520 602 commemorati
557 568 616 613 (II
640 569 714 612 99),
764 568 844 610 ὄψις
868 570 1132 613 Ethnoqraphen
1163 569 1421 612 Veraniassuny
1445 570 1577 612 yehabt,

129 613 314 654 (Kenntm's
337 625 400 646 aus
418 614 679 657 Anschauuny),
705 614 844 658 ἱστορίη
868 615 920 646 die
955 614 1126 648 Walzrhezr
1156 615 1228 647 und
1257 614 1482 658 Genauz'ykeoe't
1516 626 1580 647 von

130 658 316 699 (Kenntnz's
348 669 411 691 aas
443 659 687 702 Erkzmdmzq),
719 660 844 704 γνώμη
867 659 1150 701 Beobachtunqen
1187 659 1258 691 und
1290 659 1580 702 Erkundzyzmlqen

132 703 261 746 (ez'yene
282 703 475 747 BIeinunq).
524 704 605 743 Qua
628 714 709 736 cum
737 713 843 747 expe·
866 715 909 736 zu
938 704 1154 745 bewundern,
1188 705 1309 737 welche
1336 705 1371 736 in
1403 705 1580 737 scheinbar

132 747 210 781 dita
232 746 386 782 fontium
409 747 639 782 distinctione
663 751 762 781 arcte
786 758 842 780 co·
869 749 1155 781 abentcuerlz'chen
1172 749 1242 780 und
1254 750 1434 782 seltsamen
1448 749 1578 781 Erzcilz-

132 792 284 826 haerent
307 802 398 836 quae
429 803 537 836 supra
566 803 636 825 non
659 792 774 825 solum
798 792 851 825 der
868 794 992 835 ltmyen
1010 793 1182 825 Herodots
1197 794 1366 826 anthalten
1389 794 1454 826 ist?
1506 794 1581 826 U'z'e

131 837 259 882 primis
276 837 364 870 artis
378 837 524 870 criticae
538 836 650 869 initiis
664 836 841 880 vestigiis·
865 843 924 879 yut
940 838 983 869 ist
999 848 1049 878 es,
1073 838 1153 870 dass
1175 848 1212 869 er
1237 838 1338 870 dabez'
1358 838 1422 870 den
1441 839 1580 872 Grund-

132 892 215 926 que,
238 882 303 915 sed
320 881 429 915 etiam
447 881 491 914 de
508 880 697 914 itineribus
720 880 842 914 multis
866 887 939 913 salz
960 882 1064 923 hatte,
1095 882 1157 914 den
1180 893 1218 914 er
1240 882 1291 914 bei
1310 882 1370 914 der
1393 882 1581 915 Naclzrz‘cht

130 930 169 959 et
195 925 402 970 longinquis
429 925 476 958 ab
505 925 691 959 Herodoto
718 935 932 958 verumwon
960 926 1020 958 der
1054 924 1292 970 Umschiffwzy
1319 925 1474 968 Africa's
1502 938 1579 960 aus-

130 970 333 1015 indagandi
363 980 472 1004 causa
495 970 672 1014 susceptis
695 970 842 1004 uberius
866 971 1007 1013 spriche,
1036 982 1088 1003 wo
1111 982 1148 1003 er
1170 982 1204 1004 es
1226 971 1445 1014 unqlaublich
1464 972 1579 1016 findet,

130 1014 294 1049 disserui.
329 1014 401 1049 Sed
418 1014 563 1048 fuerunt
579 1015 652 1048 iam
669 1015 767 1059 apud
780 1026 841 1048 an·
867 1017 947 1048 class
963 1016 1014 1048 die
1030 1014 1178 1060 Schiffer
1194 1016 1247 1049 die
1263 1019 1380 1049 Somne
1395 1028 1457 1049 zur
1473 1016 1579 1050 Recla-

128 1060 261 1104 tiquos,
275 1060 571 1104 quiHerodotum
585 1059 765 1094 mendacii
780 1034 919 1093 aut'len
945 1060 1068 1104 qehabt
1087 1061 1193 1094 haben
1216 1060 1284 1102 (IV
1306 1060 1382 1102 42):
1414 1062 1467 1094 ich
1489 1072 1581 1095 mass

129 1105 260 1139 erroris
281 1106 505 1147 incusarent,
529 1105 627 1148 quod
643 1108 683 1138 ut
700 1105 841 1139 fabula·
865 1117 972 1148 saqen
993 1117 1066 1138 was
1088 1107 1154 1138 mir
1174 1112 1292 1149 yesayt
1315 1107 1467 1148 worden,
1498 1107 1580 1139 aber

127 1161 208 1184 rum
236 1153 375 1184 amator
402 1150 583 1184 mirabilia
605 1161 770 1195 quaeque
800 1161 841 1184 eo
866 1151 917 1183 ich
947 1151 1092 1184 braun-he
1119 1151 1208 1184 nicht
1237 1153 1322 1184 alles
1349 1163 1390 1184 zu
1412 1152 1582 1195 glauben,-

128 1195 356 1240 potissimum
385 1195 532 1229 consilio
557 1195 840 1239 conscripsisset,
866 1196 937 1228 und
956 1196 1061 1228 dieses
1091 1195 1189 1228 IVort
1210 1197 1277 1229 soll
1298 1196 1365 1228 mir
1391 1196 1452 1238 fiir·
1474 1197 1581 1230 mez'ne

128 1244 170 1274 ut
186 1251 305 1274 rerum
322 1240 481 1274 novitate
503 1240 541 1274 in
565 1240 841 1274 admirationem
863 1252 973 1284 [same
988 1241 1191 1284 Erzc'ihlzmy
1204 1242 1316 1284 yelten
1333 1240 1420 1284 (VII
1437 1241 1526 1284 152).

128 1285 328 1330 legentium
345 1285 482 1320 animos
500 1285 693 1330 abriperet.
743 1285 841 1326 Quos
911 1285 956 1319 Id
973 1285 1121 1328 quidem
1138 1296 1243 1319 nemo
1261 1285 1329 1319 erit
1345 1285 1433 1329 quin
1447 1286 1579 1331 largia-

127 1331 287 1364 ret'utare
325 1330 433 1365 hodie
466 1331 557 1364 nihil
592 1331 732 1365 attinet.
786 1331 841 1364 Ac
865 1333 940 1373 tur,
965 1329 1043 1364 fieri
1060 1341 1131 1364 non
1156 1331 1334 1375 potuisse,
1359 1331 1447 1374 quin
1464 1331 1578 1365 Hero-

155 1376 285 1409 rimum
307 1376 454 1419 quidem
476 1376 514 1409 id
537 1380 702 1410 constare
720 1376 840 1419 debet,
867 1376 988 1419 dotus,
1013 1386 1093 1409 cum
1109 1376 1146 1409 in
1163 1379 1216 1410 tot
1238 1379 1360 1420 partes
1378 1387 1416 1410 se
1435 1387 1579 1411 conver-

169 1420 355 1454 erodotum
377 1421 517 1456 incerta
545 1425 656 1464 atque
684 1421 840 1455 incredi-
866 1424 959 1455 teret
973 1421 1048 1454 eius
1061 1421 1260 1466 ingenium,
1278 1421 1315 1455 in
1329 1421 1446 1455 causis
1460 1432 1580 1455 rerum

127 1465 218 1499 bilia
235 1469 462 1500 enarrantem
484 1477 660 1511 persaepe
683 1466 840 1511 interpo-
867 1465 1092 1511 explicandis
1116 1466 1214 1500 haud
1230 1477 1312 1500 raro
1335 1477 1357 1500 a
1373 1477 1458 1501 vero
1475 1467 1578 1500 aber-

130 1511 244 1544 suisse
263 1510 526 1545 dubitationem
543 1522 655 1555 suam,
674 1522 741 1546 nec
756 1523 840 1546 vero
865 1515 978 1554 raret3
1004 1522 1046 1545 ex
1069 1522 1140 1555 quo
1157 1515 1279 1546 tamen
1296 1511 1386 1545 nihil
1409 1512 1509 1545 aliud
1527 1512 1578 1546 ef-

127 1560 263 1590 temere
281 1556 445 1590 omnibus
464 1567 557 1601 quae
575 1557 621 1590 ab
645 1556 726 1590 aliis
740 1568 839 1591 acce·
866 1555 986 1590 ficitur
1008 1555 1078 1590 nisi
1100 1560 1139 1590 ut
1162 1556 1350 1591 fatendum
1375 1557 1437 1601 sit,
1469 1556 1579 1591 etiam

128 1600 225 1645 perit
246 1600 356 1635 fidem
376 1601 529 1644 habere,
559 1602 624 1635 sed
647 1602 840 1635 admodum
867 1601 1091 1635 Herodotum
1116 1612 1234 1635 errare
1257 1602 1434 1646 potuisse,
1464 1602 1527 1646 qui
1549 1602 1580 1635 si

131 1649 238 1679 cauto
263 1646 489 1689 maximeque
520 1647 781 1690 circumspecto
804 1647 841 1680 in
867 1646 1015 1689 erravit,
1038 1646 1171 1680 invitus
1189 1647 1336 1689 erravit,
1360 1657 1477 1691 neque
1496 1657 1577 1681 con-

129 1690 400 1724 conseribendis
418 1690 576 1725 historiis
589 1691 724 1725 iudicio
737 1703 841 1725 usum
867 1692 958 1725 sulto
977 1702 998 1725 a
1015 1691 1165 1725 veritate
1184 1691 1345 1725 descivit.
1388 1691 1493 1732 Quod
1509 1692 1519 1725 i
1525 1693 1578 1737 gi-

129 1746 219 1769 esse.
262 1735 487 1769 Testimonio
505 1739 587 1769 sunt
604 1747 696 1780 quae
714 1736 840 1781 legun·
866 1740 924 1769 tur
940 1735 1124 1770 Lucianus
1149 1739 1234 1773 (ver.
1254 1736 1336 1770 hist.
1353 1736 1392 1771 Π
1408 1738 1464 1779 31)
1490 1737 1579 1770 dicit

127 1785 187 1814 tur
208 1780 247 1814 II
264 1780 329 1814 123
357 1785 451 1814 τοῖσι
473 1785 540 1823 μέν
562 1795 629 1814 νυν
652 1781 714 1814 ὑπ)
728 1784 839 1827 Alyv-
866 1781 1090 1815 Herodotum
1107 1781 1306 1815 mendaciis
1329 1780 1579 1827 contingendis

131 1829 251 1859 σιτίων
267 1825 490 1871 λεγο,ιιείὀισι
506 1826 661 1870 χράσθω
687 1823 778 1870 ὅτεῳ
797 1826 841 1860 τὰ
866 1825 1053 1860 historiam
1082 1826 1300 1870 corrupisse,
1333 1826 1452 1870 quivis
1480 1827 1580 1861 videt

128 1872 279 1903 τοιαῦτα
298 1872 441 1903 πιθανά
459 1873 551 1904 ἐστι·
576 1873 656 1913 ἐμοὶ
679 1870 718 1904 δὲ
743 1870 840 1915 παρὰ
867 1881 975 1916 quam
992 1871 1038 1904 sit
1054 1870 1245 1904 infirmum.
1277 1870 1431 1905 Praeter
1446 1871 1579 1906 Lucia-

130 1915 253 1948 πάντα
275 1914 342 1948 τὸν
359 1915 468 1961 λόγον
484 1914 691 1956 ὑπόκειται,
716 1913 773 1949 ὅτι
795 1916 840 1949 τὰ
866 1927 951 1949 num
989 1915 1099 1949 etiam
1136 1915 1356 1950 Plutarchus
1393 1916 1578 1960 Boeotius,

127 1959 302 2005 λεγόμενα
326 1958 387 1993 ὑπ’
403 1961 566 1994 ἑκάστων
595 1960 684 2002 ἀκοῆ
712 1961 840 2006 γράφω
866 1960 1062 1994 acerrimus
1080 1961 1258 1995 Herodoti
1275 1962 1516 2006 adversarius,
1540 1962 1578 1996 in

127 2004 189 2045 (ef.
205 2004 244 2038 ῙΙ
262 2005 338 2039 120.
356 2004 414 2038 III
426 2005 482 2040 45.
498 2005 554 2040 IV
566 2005 635 2048 87).
661 1996 760 2041 Ῐ184
773 2005 841 2052 ἐγώ
866 2005 959 2040 libro
978 2010 1060 2051 περὶ
1079 2007 1296 2048 κακοηθείας
1309 2005 1507 2051 ‘Hposso'rov
1525 2008 1578 2042 in-

128 2054 196 2093 μέν
212 2063 274 2092 μιν
288 2050 353 2083 οὐκ
368 2049 483 2083 εἶδον·
502 2050 545 2084 τὰ
564 2049 603 2083 δὲ
616 2051 754 2093 λέγεται
766 2050 841 2083 ὑπὸ
866 2051 1001 2096 scripto
1019 2050 1291 2086 obtrectationis
1309 2055 1346 2085 et
1361 2053 1578 2087 malevolen-

129 2093 324 2129 Χαλδαίων
337 2098 452 2139 qni-za
465 2095 566 2142 λέγω.
591 2095 610 2130 Ι
624 2096 689 2131 182
703 2100 790 2141 φασὶ
804 2095 841 2129 δὲ
866 2097 939 2130 tiae
958 2096 991 2130 ei
1008 2095 1097 2130 facit
1111 2096 1261 2131 crimina
1274 2100 1382 2142 atque
1395 2097 1580 2132 insimulat

130 2139 168 2173 οἱ
197 2139 302 2173 αὐτοὶ
331 2141 433 2173 οὗτοι
462 2144 542 2183 ἐμοὶ
570 2144 637 2183 μὲν
664 2140 705 2175 οὐ
732 2140 841 2175 πιστὰ
868 2147 967 2185 eum‘,
991 2142 1089 2185 quod
1105 2141 1275 2176 Boeotios
1300 2143 1448 2186 quidem
1465 2154 1577 2188 popu-

129 2185 304 2230 λέγοντες.
345 2185 380 2219 V
403 2185 446 2219 86
470 2189 550 2229 ἐμοὶ
572 2189 640 2230 μὲν
664 2185 705 2219 οὐ
731 2186 842 2220 πιστὰ
866 2187 962 2221 lares
989 2197 1072 2220 suos
1100 2187 1137 2220 in
1160 2187 1296 2222 crimen
1317 2187 1473 2222 foederis
1498 2199 1578 2222 cum

129 2230 294 2276 λέγοντες
311 2228 405 2274 ἄλλῳ
424 2230 464 2264 δε·
479 2245 561 2274 τεῳ.
591 2231 650 2265 III
667 2232 688 2266 3
705 2231 843 2277 λέγεται
867 2232 989 2266 Persis
1012 2232 1093 2266 initi
1109 2231 1242 2266 iniuria
1258 2237 1440 2276 vocasset,
1463 2233 1577 2268 Athe-

130 2274 170 2308 δὲ
192 2279 252 2308 καὶ
274 2272 337 2309 ὅδε
360 2273 378 2309 ὁ
402 2275 506 2322 λόγος
530 2279 610 2319 ἐμοὶ
631 2280 699 2321 μὲν
723 2276 765 2310 ού
786 2291 841 2310 πι-
867 2277 1044 2311 niensium
1068 2280 1192 2312 contra
1213 2278 1342 2311 merita
1364 2289 1408 2312 ae
1428 2279 1578 2313 virtutes

131 2320 258 2355 θιινός.
297 2320 353 2355 IV
377 2321 443 2356 105
466 2324 526 2364 ἐμὲ
548 2325 614 2364 μέν
637 2336 705 2355 νυν
727 2325 841 2355 ταῦτα
867 2324 961 2356 iusto
978 2323 1059 2367 plus
1078 2322 1280 2366 extulisset,
1304 2323 1391 2367 quin
1415 2323 1525 2357 etiam
1541 2325 1579 2357 in

130 2365 294 2410 λέγοντες
327 2365 369 2399 οὐ
404 2368 595 2400 πείθουσι·
630 2366 772 2412 λέγουσι
805 2366 842 2399 δὲ
868 2368 1093 2402 Herodotum
1129 2368 1362 2402 vehementer
1403 2368 1577 2408 invectus,

133 2408 241 2442 οὐδὲν
258 2413 364 2443 ἕσσο-ν
388 2415 446 2444 καὶ
471 2411 645 2444 ὀμνύουσι
668 2410 707 2445 δὲ
724 2411 843 2456 λε’γον-
868 2416 1057 2457 parentem
1079 2412 1253 2446 historiae
1276 2413 1432 2457 partium
1460 2413 1578 2447 studio

131 2468 188 2489 τες
205 2453 264 2497 (cf.
283 2459 474 2498 praeterea
485 2456 539 2490 VI
557 2456 611 2490 84.
627 2456 703 2491 VII
716 2457 792 2491 133.
809 2456 843 2491 V
867 2458 1054 2491 inductum
1075 2458 1113 2491 in
1141 2457 1292 2491 historia
1319 2458 1579 2492 conscribenda

131 2499 200 2542 252).
234 2499 380 2533 Deinde
394 2511 478 2533 vero
493 2500 602 2534 etiam
615 2501 728 2535 multa
740 2501 842 2544 mira,
868 2503 982 2536 multa
993 2501 1151 2545 finxisse,
1165 2502 1278 2536 multa
1290 2503 1578 2546 tacuisse,omni-

132 2544 181 2578 ab
210 2543 396 2578 Herodoto
425 2545 470 2578 de
503 2545 725 2589 Babylonia,
756 2546 843 2580 Per·
869 2558 914 2581 no
939 2546 1049 2581 fidem
1077 2547 1285 2580 historicam
1313 2547 1434 2581 multis
1463 2549 1579 2583 modis

134 2589 230 2631 side,
256 2590 445 2634 Aegypto,
471 2590 663 2624 memoriae
688 2591 844 2634 prodita,
869 2592 1017 2625 laesisse
1036 2591 1231 2626 contendit.
1281 2592 1383 2633 Quae
1406 2593 1499 2627 adeo
1522 2593 1578 2627 fu-

132 2644 227 2678 quae
245 2634 306 2667 diu
323 2634 552 2668 incredibilia
574 2635 651 2668 visa
674 2638 756 2669 sunt
774 2646 844 2669 non
868 2636 947 2670 tilia
963 2637 1159 2681 ineptaque
1178 2640 1279 2680 sunt,
1302 2640 1342 2671 ut
1358 2637 1482 2672 labore
1498 2639 1579 2672 red-

132 2679 394 2713 recentioribus
423 2683 563 2713 tantum
586 2691 710 2713 verum
735 2680 846 2714 etiam
870 2682 1045 2726 arguendi
1059 2681 1166 2716 facile
1180 2683 1488 2726 supersedeamus.
1504 2683 1580 2717 Nos

133 2723 515 2767 veteribus‚maximam
524 2728 758 2769 partemvera
767 2736 844 2759 esse
870 2737 935 2770 pro
958 2727 1106 2761 consilio
1129 2732 1251 2761 nostro
1275 2730 1311 2761 et
1332 2727 1498 2762 instituta
1524 2740 1579 2762 ra-

133 2780 202 2803 nec
233 2769 342 2803 fidem
373 2770 565 2814 excedere,
599 2770 654 2804 his
687 2770 791 2805 terris
824 2782 844 2805 a
869 2771 966 2806 tione
995 2771 1083 2806 satis
1111 2772 1287 2806 habemus
1315 2783 1509 2817 provocare
1533 2774 1583 2807 ad

202 2825 332 2852 Herodoti
350 2826 397 2853 τοὶ.
412 2826 434 2852 Ι.
1219 2831 1243 2854 Β
