1794 3282
570 260 885 295 ΗΡΟΔΟΤΟΥ
914 260 953 293 Γ.
981 259 1172 294 135-137.
1471 248 1556 291 235

186 329 317 385 κήδεα
349 327 492 371 ἐδέετο
525 326 656 371 αὐτοῦ
690 325 800 379 ὅκως
832 328 1147 384 ἐξηγησάμενος
1178 332 1325 371 πᾶσαν
1356 329 1427 370 καὶ
1459 326 1557 370 ἐπι-

188 397 312 448 δέξας
343 395 419 453 τὴν
445 394 628 439 Ἑλλάδα
657 405 775 439 τοῖσι
805 400 998 452 Πέρσῃσι
1030 394 1174 440 ὀπίσω
1207 392 1318 452 ἥξει·
1358 396 1478 450 δῶρα
1510 395 1557 437 δέ

187 481 260 519 μιν
295 467 356 519 τῷ
394 465 531 519 πατρὶ
566 466 637 506 καὶ
673 472 789 507 τοῖσι
828 461 1083 520 ἀδελφεοῖσι
1121 463 1283 506 ἐκέλευε
1320 463 1465 506 πάντα
1501 461 1556 504 τὰ

189 530 349 573 ἐκείνου
372 531 566 574 ἐπίπλοα
586 532 775 583 λαβόντα
795 528 924 586 ἄγειν,
949 530 1038 586 φὰς
1057 530 1167 573 ἄλλα
1187 531 1229 574 οἱ
1247 530 1558 586 πολλαπλήσια

190 596 464 642 ἀντιδώσειν·
502 598 614 655 πρὸς
641 599 687 641 δὲ
714 598 755 649 ἐς
780 597 834 640 τὰ
861 599 980 655 δῶρα
1012 596 1176 642 ὁλκάδα
1208 599 1250 641 οἱ
1281 598 1362 655 ἔφη
1391 602 1558 652 συμβα-

190 665 375 709 λέεσθαι
405 667 578 722 πλήσας
610 664 791 721 ἀγαθῶν
824 670 1054 718 παντοίων,
1088 665 1162 722 τὴν
1196 663 1286 720 ἅμα
1313 665 1355 708 οἱ
1384 665 1559 708 πλῶσε-

192 738 317 776 σθαι.
354 740 540 790 Δαρεῖος
563 734 640 787 μὲν
667 734 730 789 δή,
761 733 921 776 δοκέειν
948 733 1056 787 ἐμοί,
1085 731 1160 777 ἀπ’
1179 731 1352 784 οὐδενὸς
1377 733 1556 790 δολεροῦ

149 800 151 803 ’
191 801 292 844 νόου
321 800 602 857 ἐπηγγέλλετό
632 801 673 843 οἱ
697 805 853 843 ταῦτα·
891 802 1146 857 Δημοκήδης
1178 802 1224 844 δὲ
1255 801 1402 850 δείσας
1426 800 1484 856 μή
1512 797 1556 842 εὖ

193 867 431 924 ἐκπειρῷτο
456 875 660 925 Δαρεῖος,
696 865 790 910 οῧτι
816 867 1071 925 ἐπιδραμὼν
1096 869 1242 911 πάντα
1272 866 1327 910 τὰ
1353 868 1559 920 διδόμενα

192 934 377 986 ἐδέκετο,
418 933 526 977 ἀλλὰ
556 934 611 978 τὰ
641 935 718 989 μὲν
749 934 912 978 ἑωυτοῦ
943 935 1052 978 κατὰ
1080 936 1221 991 χώρην
1249 934 1330 990 ἔφη
1361 935 1559 976 καταλεί-

190 1011 306 1058 ψειν,
334 1003 404 1045 ἵνα
430 1001 574 1045 ὀπίσω
603 1007 719 1059 σφέα
745 1000 957 1045 ἀπελθιὺν
984 1002 1085 1055 ἔχοι,
1112 1001 1187 1058 τὴν
1212 1005 1361 1055 μέντοι
1381 999 1556 1052 ὁλκάδα,

188 1071 264 1126 τήν
295 1071 343 1114 οἱ
370 1077 555 1126 Δαρεῖος
588 1069 871 1126 ἐπηγγέλλετο
905 1069 948 1120 ἐς
978 1069 1053 1125 τήν
1086 1068 1247 1125 δωρεὴν
1277 1077 1396 1112 τοῖσι
1433 1067 1559 1111 ἀδελ-

190 1145 352 1218 φεοῑσι,
382 1138 628 1180 δέκεσθαι’
617 1137 713 1194 ε’.φη
769 1136 932 1180 εντειλ’
908 1153 1062 1190 αιιενος
1089 1137 1135 1179 δὲ
1159 1139 1231 1178 καὶ
1255 1136 1395 1192 τούτῳ
1422 1134 1560 1179 ταύτὰ

190 1204 212 1248 ὃ
234 1212 418 1261 Δαρεῖος
444 1203 706 1248 ἀποστέλλει
732 1203 890 1255 αὐτοὺς
916 1221 992 1248 επι
1011 1205 1102 1247 θάλ
1106 1220 1257 1247 ασσαν.
1295 1205 1558 1258 καταβάντες

190 1271 229 1316 δ’
249 1274 370 1316 οὗτοι
395 1272 437 1324 ἒς
461 1277 658 1329 Φοινίκην
683 1274 755 1315 καὶ
778 1276 976 1352 Φοινίκης
996 1272 1038 1323 ές
1058 1273 1231 1315 Σιδῶνα
1250 1272 1380 1315 πόλιν
1407 1269 1560 1314 αὐτίκα

187 1343 264 1395 μὲν
290 1341 490 1397 τριήρεας
517 1341 592 1383 δύο
621 1340 892 1396 ἐπλήρωσαν,
928 1357 1020 1394 αμα
1052 1340 1098 1382 δὲ
1125 1337 1282 1396 αὐτῇσι
1307 1341 1377 1382 καὶ
1402 1338 1559 1395 γαυλὸν

188 1413 320 1464 μέγαν
365 1413 585 1451 παντοίων
631 1407 834 1464 ἀγαθῶν·
883 1410 1286 1464 παρεσκευασμένοι
1329 1407 1376 1449 δὲ
1416 1406 1561 1449 πάντα

189 1476 359 1519 ἔπλωον
386 1476 428 1527 ἐς
452 1475 526 1532 την
547 1474 741 1528 Ἑλλάδα,
771 1480 1082 1533 προσίσχοντες
1109 1475 1155 1518 δὲ
1181 1473 1311 1531 αὐτῆς
1335 1473 1390 1517 τὰ
1415 1491 1561 1529 παρα-

189 1544 419 1587 θαλάσσια
457 1543 664 1599 ἐθηεῦντο
702 1546 774 1586 καὶ
812 1542 1140 1600 ἀπεγράφοντο,
1187 1542 1230 1593 ἐς
1267 1542 1288 1585 ὃ
1326 1541 1381 1585 τὰ
1417 1541 1561 1585 πολλὰ

190 1610 322 1668 αὐτῆς
353 1613 425 1654 καὶ
456 1610 706 1665 οὗνομαστὰ
739 1612 1015 1667 θηησάμενοι
1047 1608 1256 1653 ἀπίκοντο
1287 1614 1362 1667 τῆς
1383 1608 1561 1666 Ἰταλίης

191 1679 233 1732 ἐς
268 1680 478 1736 Τάραντα.
541 1678 732 1721 ἐνθαῦτα
766 1680 812 1722 δὲ
844 1678 888 1721 ἐκ
920 1679 1140 1736 ῥηστώνης
1176 1682 1252 1735 τῆς
1283 1678 1561 1733 Δημοκήδεος

185 1746 533 1805 Ἀριστοφιλίδης
557 1752 644 1790 τῶν
674 1752 941 1804 Ταραντίνων
968 1744 990 1789 ὁ
1016 1745 1221 1800 βασιλεὺς
1252 1750 1380 1789 τοῦτο
1405 1746 1481 1799 μὲν
1506 1743 1561 1787 τὰ

190 1816 387 1872 πηδάλια
413 1817 632 1871 παρέλυσε
657 1820 743 1858 τῶν
768 1816 994 1872 Πηδικέων
1019 1818 1138 1865 νεῶν,
1172 1818 1300 1857 τοῦτο
1333 1814 1379 1857 δὲ
1405 1811 1562 1864 αὐτοὺς

190 1900 292 1934 τους
317 1887 488 1940 Πέρσας
520 1883 612 1940 ε’ρξε
645 1881 704 1934 ῶς
728 1883 1034 1933 κατασκόπους
1066 1883 1200 1938 δηθεν
1234 1882 1394 1932 ἐόντας.
1457 1881 1498 1924 ἐν
1526 1874 1559 1937 ᾦ

193 1953 239 1994 δὲ
271 1952 393 1993 οὑτοι
423 1955 560 1993 ταῦτα
593 1950 802 2004 έπασχον,
843 1947 864 1993 ὃ
892 1950 1148 2006 Δημοκήδης
1181 1949 1223 2001 ἐς
1253 1949 1327 2006 τὴν
1352 1949 1562 2004 Κρότωνα

193 2017 458 2062 ἀπικνέεται.
520 2016 759 2074 ἀπιγιιένου
794 2019 840 2061 δὲ
871 2017 950 2075 ἤδη
982 2034 1137 2061 τουτου
1171 2035 1214 2068 ες
1242 2017 1316 2074 τὴν
1348 2016 1511 2060 ἑωυτοῦ
1539 2015 1560 2060 ὅ

189 2085 536 2144 Ἀριστοφιλίδης
562 2086 685 2130 ἔλυσε
709 2086 810 2138 τοὺς
835 2090 1028 2143 Πέρσας,
1056 2088 1128 2129 καὶ
1152 2085 1207 2128 τὰ
1234 2085 1453 2142 παρέλαβε
1479 2089 1563 2128 τῶν

192 2159 299 2199 νεῶν
326 2152 526 2198 ἀπέδωκέ
551 2171 646 2212 σφι.
685 2155 906 2205 πλῶοντες
933 2156 979 2197 δὲ
1005 2154 1205 2197 ἐνθεῦτεν
1234 2153 1276 2196 οἱ
1300 2157 1468 2208 Πέρσαι
1491 2155 1562 2196 καὶ

198 2223 425 2273 διώκοντες
440 2223 696 2279 Δημοκήδεα
718 2221 998 2265 ἀπικνέονται
1020 2222 1063 2272 ἐς
1081 2221 1155 2279 τὴν
1169 2222 1390 2276 Κρότωνα,
1420 2219 1565 2277 εὗρόν-

195 2306 266 2341 τες
299 2291 345 2332 δέ
375 2307 447 2343 μιν
474 2288 740 2345 ἀγοράζοντα
772 2287 963 2333 ἅπτοντο
991 2288 1139 2332 αὐτοῦ.
1200 2293 1286 2331 τῶν
1319 2289 1365 2330 δὲ
1390 2295 1566 2342 Κροτω-

195 2360 375 2414 ’νιητέων
413 2357 456 2400 οἱ
491 2358 567 2411 μὲν
604 2359 976 2413 καταρρωδέοντες
1012 2356 1067 2399 τὰ
1105 2355 1297 2412 Περσικὰ
1333 2356 1567 2411 πρήγματα

199 2428 402 2482 προϊέναι
433 2423 603 2478 ἑτοῖμοι
633 2419 761 2480 ἦσαν,
802 2425 844 2467 οἱ
876 2425 921 2467 δὲ
958 2423 1227 2467 ἀντάπτοντο
1265 2440 1310 2465 τε
1347 2425 1419 2483 καὶ
1448 2431 1566 2466 τοῖσι

200 2493 454 2536 σκυτάλοισι
473 2491 627 2534 ἔπαιον
648 2493 749 2542 τοὺς
769 2496 939 2546 Πέρσας
959 2494 1300 2546 προϊσχομένους
1319 2490 1429 2534 ἔπεα
1446 2490 1564 2533 τάδε.

195 2559 382 2615 (Ἥνδρες
406 2564 716 2615 Κροτωνιῆται,
745 2557 874 2615 ὁρᾶτε
898 2557 952 2601 τὰ
978 2562 1164 2601 ποιέετε.
1203 2556 1339 2612 ἄνδρα
1362 2559 1567 2612 βασιλέος

202 2627 417 2685 δρηπέτην
430 2628 653 2683 γενόμενον
669 2627 933 2684 ἐξαιρέεσθε.
965 2631 1049 2677 κῶς
1062 2631 1197 2668 ταῦτα
1209 2627 1383 2681 βασιλέϊ
1395 2630 1565 2683 Δαρείῳ

204 2697 399 2754 ἐκχρήσει
429 2699 770 2752 περιυβρίσθαι“,·
808 2699 893 2745 κῶς
924 2695 970 2737 δὲ
1000 2692 1100 2748 ὑμῖν
1131 2692 1185 2736 τὰ
1216 2694 1456 2747 ποιεύμενα
1482 2693 1566 2745 ἕξει

202 2768 361 2817 καλῶς,
395 2762 444 2822 ἢν
471 2762 699 2821 ἀπέλησθε
724 2762 879 2820 ἡμέαςς
911 2762 985 2806 ἐπὶ
1009 2766 1104 2806 τίνα
1131 2763 1177 2805 δὲ
1201 2763 1331 2819 τῆσδε
1356 2760 1569 2819 προτέρην

1585 1217 1633 1242 136

1588 2166 1638 2192 137
