1794 3282
518 266 834 302 ΗΡΟΔΟΤΟΥ
865 268 905 301 A..
933 267 1078 302 62-64.
1394 256 1477 298 267

115 332 371 379 ὑπονοστέει
395 333 475 392 γὰρ
504 334 553 391 δὴ
582 335 668 378 αἰεὶ
694 333 780 379 ὑπὸ
807 340 891 378 τῶν
919 336 1156 390 χειμώνων.
1218 334 1294 378 ἐπὶ
1323 334 1478 378 τούτου

117 401 167 459 δὴ
203 406 280 446 τοῦ
319 400 446 458 ὄγκου
486 401 687 460 ἀκινάκης
724 405 923 460 σιδήρεος
960 404 1133 460 ἵδρυται
1170 401 1347 461 ἀρχαῖος
1384 401 1482 445 ἑκά-

115 486 277 522 στοισι,
310 473 381 514 καὶ
411 469 524 514 τοῦτ’
550 470 641 515 ἐστὶ
671 476 746 515 τοῦ
767 470 907 527 Ἄρεος
936 471 985 514 τὸ
1021 470 1206 527 ἄγαλμα.
1265 473 1407 527 τούτῳ
1434 470 1482 513 δὲ

113 543 174 595 τῷ
202 537 378 596 ἀκινάκῃ
410 543 574 591 θυσίας
605 538 808 590 ἐπετέους
838 539 1115 595 προσάγουσι
1145 539 1378 595 προβάτων
1409 540 1481 581 καὶ

114 606 279 658 ἵππων,
302 609 373 650 καὶ
395 606 444 664 δὴ
467 609 539 650 καὶ
558 605 717 651 τοισίδ’
731 606 794 650 ἔτι
808 608 926 650 πλέω
948 606 1113 649 θύοι-σι
1134 604 1158 662 ἢ
1177 614 1295 649 τοῖσι
1309 604 1482 649 ἄλλοισι

115 678 285 717 θεοῖσι·
313 671 443 726 ὅσους
464 673 515 717 ἂν
533 679 618 718 τῶν
638 675 859 728 πολεμίων
881 674 1146 730 ζωγρήσωσι,
1169 671 1258 716 ἀπὸ
1278 678 1364 717 τῶν
1386 673 1482 715 ἑκα-

114 740 189 785 τὸν
215 740 380 799 ἀνδρῶν
413 741 548 798 ἄνδρα
580 742 652 784 ἕνα
683 742 864 793 θύουσι,
897 742 1050 797 τρόπῳ
1085 739 1133 783 οὗ
1166 745 1227 797 τῷ
1260 739 1377 797 αὐτῷ
1410 743 1481 784 καὶ

114 808 169 852 τὰ
194 810 410 867 πρόβατα,
439 808 528 852 ἀλλ’
547 809 737 866 ἑτεροίῳ.
782 808 913 852 ἐπεὰν
937 808 1017 865 γὰρ
1045 807 1159 852 οἶνον
1185 808 1482 852 ἐπισπείσωσι

114 876 222 920 κατὰ
259 881 344 920 τῶν
376 880 615 934 κεφαλέων,
656 875 971 934 ἀποσφάζουσι
1001 875 1103 927 τοὺς
1135 876 1402 932 ἀνθρώπους
1440 876 1482 925 ἐς

116 942 246 1001 ἄγγος
276 947 347 987 καὶ
380 945 548 988 ἔπειτεν
580 943 868 996 ἀνενείκαντες
905 942 991 986 ἅνω
1031 943 1105 986 ἐπὶ
1135 942 1209 986 τὸν
1242 942 1366 998 ὄγκον
1396 947 1481 984 τῶν

116 1013 345 1069 φρυγάνων
376 1012 635 1066 καταχέουσι
665 1012 715 1055 τὸ
749 1012 859 1066 αἷμα
888 1016 965 1054 τοῦ
1000 1010 1223 1054 ἀκινάκεω.
1286 1007 1373 1052 ἄνω
1405 1011 1481 1063 μὲν

117 1079 166 1135 δὴ
195 1083 408 1137 φορέουσι
432 1084 574 1132 τοῦτο,
602 1080 718 1122 κάτω
747 1080 793 1122 δὲ
818 1079 941 1136 παρὰ
965 1078 1014 1122 τὸ
1044 1077 1134 1134 ἱρὸν
1160 1081 1337 1121 ποιεῦσι
1355 1078 1479 1120 τάδε·

115 1151 200 1189 τῶν
232 1145 577 1204 ἀποσφαγέντων
609 1146 776 1204 ἀνδρῶν
806 1145 908 1197 τοὺς
939 1145 1107 1198 δεξιοὺς
1139 1143 1284 1200 ὤμους
1316 1147 1483 1196 πάντας

117 1213 441 1270 ἀποτάμνοντες
463 1213 538 1258 σὺν
557 1219 656 1272 τῇσι
674 1216 796 1270 χερσὶ
817 1214 859 1265 ἐς
878 1213 952 1257 τὸν
968 1211 1070 1270 ἠέρα
1092 1212 1207 1265 ἱεῖσι,
1229 1214 1298 1255 καὶ
1315 1212 1483 1256 ἔπειτεν

115 1285 189 1326 καὶ
218 1282 273 1326 τὰ
305 1279 414 1325 ἄλλα
446 1280 749 1339 ἀπέρξαντεςε
735 1282 854 1339 ιρήια
886 1280 1260 1325 ἀπαλλάσσονται.
1319 1283 1410 1335 χεὶρ
1438 1281 1483 1322 δὲ

116 1355 168 1408 τῆ
195 1349 245 1393 εἰν
270 1354 382 1407 πέσῃ
408 1350 564 1403 κέεται,
591 1353 663 1393 καὶ
685 1352 818 1407 χωρὶς
845 1348 866 1393 o‘
894 1349 1049 1406 νεκρός.

206 1422 361 1461 Θυσίαι
391 1417 468 1472 μέν
497 1436 569 1461 νυν
601 1412 730 1460 αὗταί
761 1433 843 1474 σφι
879 1421 1129 1468 κατεστᾶσι,
1170 1414 1243 1460 ὗσὶ
1279 1416 1326 1458 δὲ
1363 1417 1485 1458 οὗτοι

120 1484 242 1529 οὐδὲν
272 1486 515 1540 νομίζουσι,
557 1484 658 1528 οὐδὲ
688 1485 862 1542 τρέφειν
894 1484 936 1527 ἐν
967 1489 1017 1541 τῆ
1046 1485 1164 1541 χώρῃ
1189 1483 1240 1526 τὸ
1272 1484 1484 1540 παράπαι

120 1553 341 1597 ἐθέλουσι.
394 1552 449 1596 τὰ
482 1551 521 1596 δ’
540 1553 582 1604 ἐς
613 1554 805 1607 πόλεμον
837 1552 986 1606 ἔχοντα
1018 1545 1103 1594 ῶδέ
1135 1568 1214 1608 σφι
1254 1553 1483 1594 διακέεται.

122 1620 254 1664 ἐπεὰν
290 1620 364 1664 τὸν
400 1625 577 1677 πρῶτον
614 1619 750 1677 ἄνδρα
785 1620 1006 1676 καταβάλῃ
1040 1617 1142 1676 ἀνὴρ
1175 1619 1369 1675 Σκύθης,
1408 1623 1485 1661 τοῦ

120 1689 307 1743 αἵματος
332 1687 516 1743 ἐμπίνει.
571 1686 702 1740 ὅσους
728 1687 767 1731 δ’
787 1686 837 1731 ἂν
863 1689 1050 1745 φονεύσῃ
1079 1686 1120 1729 ἐν
1145 1691 1196 1743 τῇ
1221 1687 1354 1743 μάχῃ,
1387 1687 1488 1729 τού-

120 1773 206 1800 των
237 1756 315 1807 τὰς
345 1755 538 1814 κεφαλὰς
570 1754 789 1813 ἀποφέρει
819 1760 880 1811 τῷ
916 1754 1107 1810 βασιλέϊ·
1146 1752 1376 1805 ἀπενείκας
1411 1755 1487 1808 μὲν

121 1823 201 1881 γὰρ
227 1823 416 1881 κεφαλὴν
440 1828 515 1880 τῆς
539 1826 661 1882 ληίης
684 1824 1008 1878 μεταλαμβάνει
1032 1822 1106 1879 τὴν
1133 1820 1183 1865 ἂν
1209 1823 1396 1876 λάβωσι,
1429 1820 1486 1877 μὴ

122 1892 284 1943 ἐνείκας
311 1893 356 1935 δὲ
382 1890 447 1935 οὗ.
497 1890 726 1948 ἀποδείρει
751 1892 797 1934 δὲ
823 1889 953 1947 αὐτὴν
976 1891 1128 1947 τρόπῳ
1154 1891 1331 1946 τοιῷδε·
1363 1906 1488 1946 περι-

120 1960 269 2015 ταμὼν
301 1960 439 2016 κύκλῳ
471 1961 573 2015 περὶ
604 1959 659 2002 τὰ
691 1953 782 2002 ῶτα
813 1961 885 2002 καὶ
921 1959 1160 2014 λαβόμενος
1194 1962 1270 2013 τῆς
1300 1959 1490 2013 κεφαλῆς

121 2029 288 2080 ἐκσείει,
316 2027 426 2082 μετὰ
452 2028 498 2071 δὲ
525 2032 733 2085 σαρκίσας
756 2027 862 2082 βοὸς
886 2029 1049 2084 πλευρῇ
1078 2027 1205 2081 δέψει
1229 2030 1330 2083 τῇσι
1351 2030 1486 2081 χερσί,

122 2095 314 2153 ὀργάσας
341 2096 387 2139 δὲ
413 2094 520 2139 αὐτὸ
554 2093 630 2139 ἅτε
659 2096 969 2153 χειρόμακτρον
1000 2099 1217 2151 κέκτηται,
1252 2092 1297 2136 ἐκ
1329 2093 1374 2135 δὲ
1404 2097 1489 2136 τῶν

119 2167 304 2219 χαλινῶν
328 2168 405 2208 τοῦ
430 2164 574 2207 ι’ππου
599 2163 674 2207 τὸν
700 2162 830 2215 αὐτὸς
856 2163 1036 2214 ἐλαύνει,
1066 2162 1110 2205 ἐκ
1134 2162 1290 2205 τούτου
1312 2160 1490 2213 ἐξάπτει

123 2235 195 2275 καὶ
221 2230 474 2288 ἀγάλλεται·
507 2231 556 2283 ὃς
580 2248 661 2287 γαρ
688 2229 739 2274 ἂν
764 2234 825 2275 πλ
829 2239 952 2274 εῖστα
979 2231 1171 2287 δέριιατα
1198 2229 1490 2286 χειρόμακτρα

123 2300 215 2356 ε’χῃ,
249 2298 353 2355 ἀνὴρ
386 2297 564 2356 ἄριστος
595 2300 720 2350 οὗτος
750 2303 952 2355 κέκριται.
1014 2299 1170 2341 πολλοὶ
1204 2297 1249 2338 δὲ
1276 2294 1415 2338 αὐτῶν
1447 2294 1491 2336 ἐκ

123 2372 209 2412 τῶν
236 2365 552 2423 ἀποδερμάτων
577 2368 648 2408 καὶ
670 2368 848 2419 χλαίνας
873 2366 1136 2408 ἐπείνυσθαι
1161 2367 1353 2413 ποιεῦσι,
1390 2377 1492 2416 σιρ-

125 2436 365 2493 ράπτοντες
394 2433 589 2488 κατάπερ
620 2437 790 2486 βαίτας.
850 2434 1007 2475 πολλοὶ
1040 2433 1085 2474 δὲ
1117 2429 1284 2487 ἀνδρῶν
1321 2429 1490 2485 ἐχθρῶν

125 2503 204 2553 τὰς
236 2501 380 2554 δεξιάς
408 2509 555 2556 χεῖρας
585 2505 742 2556 νεκρῶν
781 2500 935 2543 ἐόντων
973 2497 1283 2554 ἀποδείραντες
1320 2495 1492 2540 αὐτοῖσι

121 2569 247 2622 ὄνυξι
282 2569 532 2623 καλύπτρας
566 2572 651 2611 τῶν
683 2567 932 2625 φαρετρέων
969 2571 1209 2609 ποιεῦνται.
1277 2565 1413 2622 δέρμα
1446 2565 1492 2607 δὲ

128 2635 370 2693 ἀνθρώπου
403 2638 474 2678 καὶ
505 2635 620 2689 παχὺ
654 2637 726 2678 καὶ
757 2634 958 2691 λαμπρὸν
990 2628 1037 2690 ἦν
1070 2632 1173 2690 ἄρα,
1214 2632 1364 2686 σχεδὸν
1396 2633 1491 2687 δερ-

127 2709 276 2760 μάτων
307 2704 481 2748 πάντων
512 2703 820 2759 λαμπρότατον
851 2703 1087 2758 λευκότητι.
1148 2702 1306 2744 πολλοὶ
1344 2701 1388 2742 δὲ
1421 2702 1491 2742 καὶ

129 2771 256 2824 ὅλους
282 2770 441 2829 ἄνδρας
466 2771 728 2829 ἐκδείραντες
752 2773 822 2814 καὶ
849 2771 1135 2820 διατείναντες
1161 2768 1233 2812 ἐπὶ
1261 2768 1396 2821 ξύλων
1423 2765 1488 2810 ἐπ’

1509 1428 1542 1453 63

1510 1564 1543 1590 64
