1794 3282
221 376 254 401 52

227 1456 259 1480 53

277 286 362 327 264
691 291 1005 327 ΗΡΟΔΟΤΟΥ
1035 292 1076 325 Δ.
1103 293 1158 327 52.
1184 293 1238 328 53.

279 366 555 405 κατοικέαται
576 358 789 417 Ἕλληνες,
830 362 873 402 οἳ
908 367 1085 416 Τυρῖται
1120 360 1356 405 καλέονται.
1416 366 1562 418 τρίτος
1600 363 1648 406 δὲ

268 428 444 480 (Υπανις
475 426 676 482 ποταμὸς
708 426 897 484 ὁρμᾶται
927 429 1004 482 μὲν
1036 427 1080 471 ἐκ
1110 433 1186 484 τῆς
1209 434 1446 487 Σκυθικῆς,
1482 432 1569 486 ῥέει
1600 431 1647 473 δὲ

280 496 324 538 ἐκ
348 498 497 552 λίμνης
521 496 709 551 μεγάλης
733 494 808 551 τὴν
833 498 963 553 πέριξ
985 500 1186 549 νέμονται
1217 496 1353 541 ἵπποι
1378 495 1523 554 ἄγριοι
1548 499 1645 541 λευ-

280 567 366 606 κοί’
392 565 592 606 καλέεται
619 561 657 605 δ’
674 560 699 619 ἡ
726 564 850 619 λίμνη
878 560 985 619 αὕτη
1014 562 1164 619 ὀρθῶς
1188 564 1326 621 μήτηρ
1347 562 1556 616 Ὑπάνιος.
1602 565 1646 608 ἐκ

282 630 438 688 ταύτης
476 624 534 673 ῶν
566 628 806 673 ἀνατέλλων
845 628 867 673 ὃ
889 627 1065 682 Ὕπανις
1101 630 1301 685 ποταμὸς
1339 633 1426 687 ῥέει
1463 631 1537 675 ἐπὶ
1571 633 1647 686 μὲν

281 701 409 742 πέντε
434 696 624 755 ἡμερέων
650 699 787 742 πλόον
812 697 972 755 βραχὺς
996 699 1068 741 καὶ
1092 697 1246 754 γλυκὺς
1268 698 1342 751 ἔτι,
1371 698 1460 743 ἀπὸ
1483 699 1530 742 δὲ
1548 699 1648 742 τού-

283 782 356 808 του
394 765 507 823 πρὸς
549 766 781 823 θαλάσσης
822 769 1037 822 τεσσέρων
1080 765 1270 824 ἡμερέων
1313 767 1450 810 πλόον
1493 765 1649 822 πικρὸς

281 833 434 884 αἰνῶς·
473 833 639 876 ἐκδιδοῖ
666 833 746 890 γὰρ
780 832 822 884 ἒς
855 831 985 877 αὐτὸν
1015 835 1142 890 κρήνη
1181 834 1330 891 πικρή,
1371 831 1484 877 οὕτω
1519 835 1568 890 δή
1606 851 1648 877 τι

283 901 415 944 ἐοῦσα
440 902 585 957 πικρή,
619 901 643 957 ἢ
669 901 860 957 μεγάθεϊ
891 900 1045 958 σμικρὴ
1079 901 1210 944 ἐοῦσα
1239 906 1361 959 κιρνᾷ
1385 902 1458 945 τὸν
1473 900 1649 945 Ὕπανιν

283 969 408 1012 ἐόντα
434 968 633 1023 ποταμὸν
660 968 701 1011 ἓν
729 966 916 1025 ὀλίγοισι
940 968 1086 1024 μέγαν.
1143 968 1235 1012 ἔστι
1262 970 1307 1012 δὲ
1334 968 1356 1026 ἡ
1383 970 1510 1027 κρήνη
1540 966 1646 1025 αῦτη

285 1036 326 1079 ἓν
365 1034 535 1093 οὔροισι
570 1037 713 1093 χώρης
749 1041 824 1093 τῆς
860 1052 906 1079 τε
943 1033 1166 1092 ἀροτήρων
1196 1041 1403 1081 Σκυθέων
1434 1039 1506 1080 καὶ
1531 1035 1649 1081 Ἀλα-

286 1104 446 1157 ζώνιον·
474 1102 637 1157 οὕνομα
664 1105 709 1146 δὲ
734 1108 783 1160 τῇ
810 1105 937 1160 κρήνῃ
964 1105 1034 1146 καὶ
1062 1101 1168 1146 ὅθεν
1195 1106 1281 1161 ῥέει
1301 1109 1362 1161 τῷ
1378 1105 1532 1161 χώρῳ,
1550 1121 1650 1148 σκυ-

283 1174 410 1216 θιστὶ
428 1172 503 1225 μὲν
519 1170 795 1225 Ἐξαμπαῖος,
822 1170 931 1213 κατὰ
953 1171 998 1213 δὲ
1016 1169 1090 1226 τὴν
1108 1169 1312 1227 Ἑλλήνιον
1331 1174 1531 1227 γλῶσσαν
1546 1170 1649 1228 Ἱραὶ

284 1237 394 1283 ὁδοί.
445 1239 678 1294 συνάγουσι
705 1239 750 1281 δὲ
774 1237 828 1280 τὰ
854 1241 1045 1292 τέρματα
1072 1235 1096 1280 ὅ
1120 1255 1166 1281 τε
1192 1239 1325 1294 Τύρης
1345 1241 1415 1282 καὶ
1441 1237 1650 1290 ὅτ’Υπανις

283 1304 639 1358 κατ’Σ-Ιλάζωνας·
677 1305 725 1348 τὸ
754 1305 799 1347 δὲ
827 1303 916 1347 ἀπὸ
944 1306 1096 1347 τούτου
1131 1304 1419 1362 ἀποστρέψας
1450 1306 1650 1363 ἑκάτερος

285 1376 371 1432 ῥέει
398 1372 582 1430 εὗρύνων
607 1372 656 1416 τὸ
684 1376 829 1426 μέσον.

374 1445 580 1496 Τέταρτος
609 1440 653 1482 δὲ
678 1443 959 1496 Βορυσθένης
991 1439 1210 1493 ποταμός,
1246 1436 1293 1490 ὃς
1324 1440 1417 1484 ἐστι
1447 1441 1650 1497 μέγιστός

284 1525 330 1552 τε
354 1506 442 1563 μετ’
462 1506 626 1563 Ἴστρον
650 1507 815 1550 τούτων
840 1509 911 1549 καὶ
936 1508 1316 1563 πολυαρκέστατος
1347 1506 1456 1551 κατὰ
1479 1508 1652 1564 γνώμας

284 1575 360 1626 τὰς
386 1574 594 1631 ἡμετέρας
621 1572 715 1617 οῧτι
740 1579 897 1628 μοῦνον
922 1579 1008 1617 τῶν
1033 1578 1263 1617 Σκυθικῶν
1288 1579 1512 1629 ποταμῶν,
1541 1573 1651 1618 ἀλλὰ

284 1645 355 1686 καὶ
385 1647 470 1686 τῶν
504 1640 643 1685 ἄλλων
675 1640 898 1693 ἁπάντων,
938 1641 1050 1699 πλὴν
1080 1644 1239 1685 Νείλου
1276 1646 1352 1685 τοῦ
1382 1642 1651 1698 Αἰγυπτίου·

284 1711 424 1767 τούτῳ
462 1709 542 1766 γὰρ
582 1708 657 1752 οὐκ
695 1708 767 1752 οἶά
797 1714 843 1752 τέ
875 1709 966 1753 ἐστι
999 1712 1234 1764 συμβαλεῖν
1266 1709 1394 1752 ἄλλον
1430 1710 1652 1765 ποταμόν·

285 1783 369 1822 τῶν
384 1780 430 1822 δὲ
449 1780 615 1821 λοιπῶν
628 1781 907 1833 Βορυσθένης
928 1776 1020 1821 ἐστὶ
1039 1779 1428 1834 πολυαρκέστατος,
1451 1778 1499 1830 ὃς
1518 1778 1653 1833 νομάς

285 1864 330 1890 τε
355 1848 586 1897 καλλίστας
606 1848 677 1888 καὶ
698 1843 1061 1899 εὐκομιδεστάτας
1079 1845 1250 1901 κτήνεσι
1270 1850 1505 1903 παρέχεται
1526 1846 1653 1899 ἰχθῦς

285 1931 330 1958 τε
352 1914 555 1972 ἀρίστους
576 1912 796 1969 διακριδὸν
814 1914 886 1955 καὶ
906 1914 1151 1965 πλείστους,
1180 1917 1396 1956 πίνεσθαί
1414 1930 1460 1956 τε
1473 1911 1653 1969 ἥδιστός

286 1982 396 2033 ἐστι,
431 1983 519 2038 ῥέει
542 1997 589 2024 τε
614 1980 812 2037 καθαρὸς
843 1980 965 2035 παρὰ
1000 1982 1249 2036 θολεροῖσι,
1286 1982 1453 2037 σπόρος
1476 1997 1523 2024 τε
1547 1979 1649 2036 παρ’

287 2047 416 2092 αὐτὸν
443 2047 621 2105 ἄριστος
645 2052 819 2103 γίνεται,
848 2053 953 2102 ποίη
981 2064 1038 2099 τε,
1066 2052 1117 2104 τῇ
1144 2045 1192 2090 οὗ
1221 2052 1448 2104 σπείρεται
1473 2045 1648 2104 ἡχώρη,

285 2116 530 2171 βαθυτάτη.
599 2112 697 2165 ἅλες
727 2131 773 2157 τε
805 2113 879 2156 ἐπὶ
915 2118 976 2170 τῷ
1016 2115 1201 2168 στόματι
1240 2113 1371 2157 αὐτοῦ
1410 2113 1652 2169 αὐτόματοι

286 2184 531 2241 πηγνύαται
556 2180 757 2225 ἄπλετοι·
784 2182 913 2238 κήτεά
932 2198 978 2224 τε
996 2182 1163 2237 μεγάλα
1184 2180 1422 2233 ἀνάκανθα,
1449 2181 1504 2224 τὰ
1524 2179 1652 2226 ἄντα-

286 2255 434 2302 καίους
459 2252 672 2301 καλέουσι,
702 2253 937 2306 παρέχεται
964 2248 1005 2300 ἒς
1030 2254 1286 2305 ταρίχευσιν,
1316 2247 1426 2292 ἄλλα
1444 2266 1490 2292 τε
1509 2249 1653 2292 πολλὰ

288 2319 502 2373 θωμάσαι
528 2315 641 2370 ἄξια.
679 2321 801 2371 μέχρι
827 2320 902 2370 μέν
928 2334 998 2359 νυν
1018 2321 1179 2374 Γέρρου
1203 2317 1362 2374 χώρου,
1392 2316 1434 2368 ἔς
1458 2316 1532 2360 τὸν
1556 2333 1653 2360 τεσ-

288 2387 523 2444 σεράκοντα
559 2383 750 2441 ἡμερέων
788 2385 925 2435 πλόος
963 2384 1072 2436 ἐστί,
1117 2385 1374 2441 γινώσκεται
1417 2385 1524 2440 ῥέων
1562 2382 1652 2428 ἀπὸ
1705 2384 1709 2388 ’

286 2457 426 2510 βορέω
460 2451 638 2507 ἀνέμου·
674 2451 724 2495 τὸ
759 2453 805 2495 δὲ
835 2453 1086 2509 κατύπερθε
1119 2450 1172 2495 δι’
1198 2446 1256 2495 ῶν
1288 2454 1376 2510 ῥέει
1402 2450 1654 2508 ἀνθρώπων

290 2520 432 2573 οὐδεὶς
458 2520 544 2575 ἔχει
569 2521 758 2578 φράσαι·
796 2524 999 2577 φαίνεται
1031 2521 1077 2563 δὲ
1103 2521 1210 2577 ῥέων
1238 2518 1291 2563 δι’
1309 2519 1468 2577 ἐρήμου
1502 2519 1545 2571 ἐς
1568 2524 1654 2563 τῶν

288 2593 486 2647 γεωργῶν
512 2587 717 2631 Σκυθέων
742 2586 817 2644 τὴν
841 2589 1002 2645 χώρην·
1031 2582 1151 2631 οὗτοι
1177 2587 1257 2645 γὰρ
1286 2588 1327 2631 οἱ
1352 2587 1524 2631 Σκύθαι
1549 2585 1650 2644 παρ’

290 2655 418 2700 αὐτὸν
445 2656 518 2699 ἐπὶ
546 2657 647 2698 δέκα
671 2653 862 2712 ἡμερέων
887 2656 1024 2698 πλόον
1049 2660 1262 2710 νέμονται.
1301 2655 1461 2709 μούνου
1489 2655 1536 2698 δὲ
1554 2655 1654 2698 τού-

290 2742 365 2768 του
393 2729 466 2768 τοῦ
494 2728 696 2777 ποταμοῦ
722 2726 793 2766 καὶ
812 2725 970 2766 Νείλου
998 2721 1073 2766 οῦκ
1100 2723 1180 2776 ἔχω
1209 2724 1376 2780 φράσαι
1396 2722 1473 2774 τὰς
1497 2722 1650 2778 πηγάς,

292 2793 426 2836 δοκέω
454 2792 517 2844 δέ,
547 2790 646 2835 οὐδὲ
673 2789 815 2842 οὐδεὶς
835 2788 1054 2847 Ἑλλήνων.
1117 2788 1248 2847 ἀγχοῦ
1275 2807 1320 2833 τε
1347 2790 1397 2846 δὴ
1424 2789 1653 2843 θαλάσσης
