<?xml version="1.0" encoding="UTF-8"?>
<!DOCTYPE html PUBLIC "-//W3C//DTD XHTML 1.0 Transitional//EN"
    "http://www.w3.org/TR/xhtml1/DTD/xhtml1-transitional.dtd">
<html xmlns="http://www.w3.org/1999/xhtml" xml:lang="en" lang="en">
 <head>
  <title>
</title>
<meta http-equiv="Content-Type" content="text/html;charset=utf-8" />
  <meta name='ocr-system' content='tesseract 3.04.00' />
  <meta name='ocr-capabilities' content='ocr_page ocr_carea ocr_par ocr_line ocrx_word'/>
</head>
<body>
  <div class='ocr_page' id='page_1' title='image "./herodotihistori01herouoft_0150.png"; bbox 0 0 1794 3282; ppageno 0'>
   <div class='ocr_carea' id='block_1_1' title="bbox 162 667 210 693">
    <p class='ocr_par' dir='ltr' id='par_1_1' title="bbox 162 667 210 693">
     <span class='ocr_line' id='line_1_1' title="bbox 162 667 210 693; baseline -0.021 0"><span class='ocrx_word' id='word_1_1' title='bbox 162 667 210 693; x_wconf 80' lang='lat'><em>213</em></span> 
     </span>
    </p>
   </div>
   <div class='ocr_carea' id='block_1_2' title="bbox 165 1005 214 1030">
    <p class='ocr_par' dir='ltr' id='par_1_2' title="bbox 165 1005 214 1030">
     <span class='ocr_line' id='line_1_2' title="bbox 165 1005 214 1030; baseline 0.02 -1"><span class='ocrx_word' id='word_1_2' title='bbox 165 1005 214 1030; x_wconf 77' lang='lat'><em>214</em></span> 
     </span>
    </p>
   </div>
   <div class='ocr_carea' id='block_1_3' title="bbox 167 2420 217 2446">
    <p class='ocr_par' dir='ltr' id='par_1_3' title="bbox 167 2420 217 2446">
     <span class='ocr_line' id='line_1_3' title="bbox 167 2420 217 2446; baseline 0.02 -1"><span class='ocrx_word' id='word_1_3' title='bbox 167 2420 217 2446; x_wconf 77' lang='lat'><em>215</em></span> 
     </span>
    </p>
   </div>
   <div class='ocr_carea' id='block_1_4' title="bbox 238 244 1218 285">
    <p class='ocr_par' dir='ltr' id='par_1_4' title="bbox 238 244 1218 285">
     <span class='ocr_line' id='line_1_4' title="bbox 238 244 1218 285; baseline -0.003 0"><span class='ocrx_word' id='word_1_4' title='bbox 238 244 294 285; x_wconf 83' lang='lat'><em>94</em></span> <span class='ocrx_word' id='word_1_5' title='bbox 615 247 928 284; x_wconf 74' lang='grc' dir='ltr'>ΗΡΟΔΟΤΟΥ</span> <span class='ocrx_word' id='word_1_6' title='bbox 959 248 1002 282; x_wconf 88' lang='lat' dir='ltr'><em>A.</em></span> <span class='ocrx_word' id='word_1_7' title='bbox 1027 248 1218 282; x_wconf 81' lang='lat'>212—215.</span> 
     </span>
    </p>
   </div>
   <div class='ocr_carea' id='block_1_5' title="bbox 234 313 1607 2801">
    <p class='ocr_par' dir='ltr' id='par_1_5' title="bbox 234 313 1607 2395">
     <span class='ocr_line' id='line_1_5' title="bbox 235 313 1601 375; baseline -0.004 -12"><span class='ocrx_word' id='word_1_8' title='bbox 235 337 313 375; x_wconf 88' lang='grc' dir='ltr'><em>μευ</em></span> <span class='ocrx_word' id='word_1_9' title='bbox 347 313 392 362; x_wconf 74' lang='grc' dir='ltr'><em>εὖ</em></span> <span class='ocrx_word' id='word_1_10' title='bbox 423 318 744 374; x_wconf 76' lang='grc' dir='ltr'><em>παραινεούσης</em></span> <span class='ocrx_word' id='word_1_11' title='bbox 775 315 971 370; x_wconf 72' lang='grc' dir='ltr'><em>ὑπόλαβε</em></span> <span class='ocrx_word' id='word_1_12' title='bbox 1002 314 1075 359; x_wconf 85' lang='grc' dir='ltr'><em>τὸν</em></span> <span class='ocrx_word' id='word_1_13' title='bbox 1108 317 1247 371; x_wconf 87' lang='grc' dir='ltr'><em>λόγον.</em></span> <span class='ocrx_word' id='word_1_14' title='bbox 1298 315 1492 366; x_wconf 78' lang='grc' dir='ltr'><em>ἀποδούς</em></span> <span class='ocrx_word' id='word_1_15' title='bbox 1522 332 1601 370; x_wconf 94' lang='grc' dir='ltr'><em>μοι</em></span> 
     </span>
     <span class='ocr_line' id='line_1_6' title="bbox 234 382 1601 440; baseline -0.003 -11"><span class='ocrx_word' id='word_1_16' title='bbox 234 387 308 430; x_wconf 86' lang='grc' dir='ltr'><em>τὸν</em></span> <span class='ocrx_word' id='word_1_17' title='bbox 333 386 474 428; x_wconf 86' lang='grc' dir='ltr'><em>παῖδα</em></span> <span class='ocrx_word' id='word_1_18' title='bbox 500 382 639 426; x_wconf 77' lang='grc' dir='ltr'><em>ἄπιθι</em></span> <span class='ocrx_word' id='word_1_19' title='bbox 666 384 709 426; x_wconf 86' lang='grc' dir='ltr'><em>ἐκ</em></span> <span class='ocrx_word' id='word_1_20' title='bbox 733 384 863 439; x_wconf 80' lang='grc' dir='ltr'><em>τῆσδε</em></span> <span class='ocrx_word' id='word_1_21' title='bbox 887 387 963 439; x_wconf 77' lang='grc' dir='ltr'><em>τῆς</em></span> <span class='ocrx_word' id='word_1_22' title='bbox 980 383 1122 440; x_wconf 80' lang='grc' dir='ltr'><em>χώρης</em></span> <span class='ocrx_word' id='word_1_23' title='bbox 1149 382 1341 439; x_wconf 79' lang='grc' dir='ltr'><em>ἀζήμιος,</em></span> <span class='ocrx_word' id='word_1_24' title='bbox 1368 390 1601 438; x_wconf 81' lang='grc' dir='ltr'><em>Μασσαγε-</em></span> 
     </span>
     <span class='ocr_line' id='line_1_7' title="bbox 236 451 1601 507; baseline -0.001 -12"><span class='ocrx_word' id='word_1_25' title='bbox 236 456 342 495; x_wconf 89' lang='grc' dir='ltr'><em>τέων</em></span> <span class='ocrx_word' id='word_1_26' title='bbox 366 451 640 507; x_wconf 75' lang='grc' dir='ltr'><em>τριτημορίδι</em></span> <span class='ocrx_word' id='word_1_27' title='bbox 670 454 745 492; x_wconf 88' lang='grc' dir='ltr'><em>τοῦ</em></span> <span class='ocrx_word' id='word_1_28' title='bbox 779 455 965 505; x_wconf 87' lang='grc' dir='ltr'><em>στρατοῦ</em></span> <span class='ocrx_word' id='word_1_29' title='bbox 991 454 1266 505; x_wconf 81' lang='grc' dir='ltr'><em>κατυβρίσας.</em></span> <span class='ocrx_word' id='word_1_30' title='bbox 1317 451 1355 493; x_wconf 80' lang='grc' dir='ltr'><em>εἰ</em></span> <span class='ocrx_word' id='word_1_31' title='bbox 1387 452 1432 493; x_wconf 79' lang='grc' dir='ltr'><em>δὲ</em></span> <span class='ocrx_word' id='word_1_32' title='bbox 1462 455 1601 493; x_wconf 87' lang='grc' dir='ltr'><em>ταῦτα</em></span> 
     </span>
     <span class='ocr_line' id='line_1_8' title="bbox 237 515 1603 575; baseline -0.001 -13"><span class='ocrx_word' id='word_1_33' title='bbox 237 518 284 562; x_wconf 80' lang='grc' dir='ltr'><em>οὗ</em></span> <span class='ocrx_word' id='word_1_34' title='bbox 305 519 519 574; x_wconf 78' lang='grc' dir='ltr'><em>ποιήσεις,</em></span> <span class='ocrx_word' id='word_1_35' title='bbox 547 515 666 575; x_wconf 68' lang='grc' dir='ltr'><em>ἥλιον</em></span> <span class='ocrx_word' id='word_1_36' title='bbox 688 517 908 572; x_wconf 82' lang='grc' dir='ltr'><em>ἐπόμνυμί</em></span> <span class='ocrx_word' id='word_1_37' title='bbox 924 535 993 561; x_wconf 94' lang='grc' dir='ltr'><em>τοι</em></span> <span class='ocrx_word' id='word_1_38' title='bbox 1012 517 1086 561; x_wconf 85' lang='grc' dir='ltr'><em>τὸν</em></span> <span class='ocrx_word' id='word_1_39' title='bbox 1100 522 1416 573; x_wconf 78' lang='grc' dir='ltr'><em>Μασσαγετέων</em></span> <span class='ocrx_word' id='word_1_40' title='bbox 1439 517 1603 561; x_wconf 89' lang='grc' dir='ltr'><em>δεσπό-</em></span> 
     </span>
     <span class='ocr_line' id='line_1_9' title="bbox 234 580 1597 642; baseline -0.002 -13"><span class='ocrx_word' id='word_1_41' title='bbox 234 604 320 642; x_wconf 86' lang='grc' dir='ltr'><em>την,</em></span> <span class='ocrx_word' id='word_1_42' title='bbox 347 580 378 642; x_wconf 80' lang='grc' dir='ltr'><em>ἧ</em></span> <span class='ocrx_word' id='word_1_43' title='bbox 403 589 480 640; x_wconf 89' lang='grc' dir='ltr'><em>μέν</em></span> <span class='ocrx_word' id='word_1_44' title='bbox 506 600 554 628; x_wconf 89' lang='grc' dir='ltr'><em>σε</em></span> <span class='ocrx_word' id='word_1_45' title='bbox 580 583 662 640; x_wconf 81' lang='grc' dir='ltr'><em>ἐγὼ</em></span> <span class='ocrx_word' id='word_1_46' title='bbox 688 587 759 627; x_wconf 85' lang='grc' dir='ltr'><em>καὶ</em></span> <span class='ocrx_word' id='word_1_47' title='bbox 787 582 1007 641; x_wconf 74' lang='grc' dir='ltr'><em>ἄπληστον</em></span> <span class='ocrx_word' id='word_1_48' title='bbox 1034 584 1160 628; x_wconf 86' lang='grc' dir='ltr'><em>ἐόντα</em></span> <span class='ocrx_word' id='word_1_49' title='bbox 1186 585 1369 638; x_wconf 79' lang='grc' dir='ltr'><em>αἵματος</em></span> <span class='ocrx_word' id='word_1_50' title='bbox 1393 582 1597 642; x_wconf 83' lang='grc' dir='ltr'><em>κορέσω.”</em></span> 
     </span>
     <span class='ocr_line' id='line_1_10' title="bbox 235 650 1601 710; baseline -0.003 -13"><span class='ocrx_word' id='word_1_51' title='bbox 235 658 376 710; x_wconf 83' lang='grc' dir='ltr'><em>Κῦρος</em></span> <span class='ocrx_word' id='word_1_52' title='bbox 416 653 492 707; x_wconf 81' lang='grc' dir='ltr'><em>μὲν</em></span> <span class='ocrx_word' id='word_1_53' title='bbox 533 656 619 696; x_wconf 88' lang='grc' dir='ltr'><em>τιῦν</em></span> <span class='ocrx_word' id='word_1_54' title='bbox 670 652 809 695; x_wconf 88' lang='grc' dir='ltr'><em>ἐπέων</em></span> <span class='ocrx_word' id='word_1_55' title='bbox 860 651 1012 695; x_wconf 72' lang='grc' dir='ltr'><em>οὐδένα</em></span> <span class='ocrx_word' id='word_1_56' title='bbox 1059 652 1224 696; x_wconf 87' lang='grc' dir='ltr'><em>τούτων</em></span> <span class='ocrx_word' id='word_1_57' title='bbox 1272 650 1601 705; x_wconf 74' lang='grc' dir='ltr'><em>ἀνενειχθέντων</em></span> 
     </span>
     <span class='ocr_line' id='line_1_11' title="bbox 238 717 1604 777; baseline -0.002 -13"><span class='ocrx_word' id='word_1_58' title='bbox 238 721 434 764; x_wconf 86' lang='grc' dir='ltr'><em>ἐποιέετο</em></span> <span class='ocrx_word' id='word_1_59' title='bbox 460 720 606 776; x_wconf 85' lang='grc' dir='ltr'><em>λόγον·</em></span> <span class='ocrx_word' id='word_1_60' title='bbox 633 717 656 763; x_wconf 78' lang='grc' dir='ltr'><em>ὃ</em></span> <span class='ocrx_word' id='word_1_61' title='bbox 685 721 731 763; x_wconf 82' lang='grc' dir='ltr'><em>δὲ</em></span> <span class='ocrx_word' id='word_1_62' title='bbox 755 724 830 777; x_wconf 79' lang='grc' dir='ltr'><em>τῆς</em></span> <span class='ocrx_word' id='word_1_63' title='bbox 847 722 1072 777; x_wconf 81' lang='grc' dir='ltr'><em>βασιλείης</em></span> <span class='ocrx_word' id='word_1_64' title='bbox 1096 720 1308 777; x_wconf 82' lang='grc' dir='ltr'><em>Τομύριος</em></span> <span class='ocrx_word' id='word_1_65' title='bbox 1327 727 1435 770; x_wconf 89' lang='grc' dir='ltr'><em>παῖς</em></span> <span class='ocrx_word' id='word_1_66' title='bbox 1453 726 1604 775; x_wconf 89' lang='grc' dir='ltr'><em>Σπαρ-</em></span> 
     </span>
     <span class='ocr_line' id='line_1_12' title="bbox 235 781 1600 845; baseline -0.002 -14"><span class='ocrx_word' id='word_1_67' title='bbox 235 792 438 845; x_wconf 86' lang='grc' dir='ltr'><em>γαπίσης,</em></span> <span class='ocrx_word' id='word_1_68' title='bbox 468 785 527 838; x_wconf 74' lang='grc' dir='ltr'><em>ὥς</em></span> <span class='ocrx_word' id='word_1_69' title='bbox 550 805 623 841; x_wconf 89' lang='grc' dir='ltr'><em>μιν</em></span> <span class='ocrx_word' id='word_1_70' title='bbox 650 785 676 831; x_wconf 79' lang='grc' dir='ltr'>ὅ</span> <span class='ocrx_word' id='word_1_71' title='bbox 700 804 746 830; x_wconf 90' lang='grc' dir='ltr'><em>τε</em></span> <span class='ocrx_word' id='word_1_72' title='bbox 768 786 882 838; x_wconf 80' lang='grc' dir='ltr'><em>οἶνος</em></span> <span class='ocrx_word' id='word_1_73' title='bbox 904 787 1030 844; x_wconf 78' lang='grc' dir='ltr'><em>ἀνῆκε</em></span> <span class='ocrx_word' id='word_1_74' title='bbox 1049 790 1120 830; x_wconf 83' lang='grc' dir='ltr'><em>καὶ</em></span> <span class='ocrx_word' id='word_1_75' title='bbox 1140 787 1280 842; x_wconf 72' lang='grc' dir='ltr'><em>ἔμαθε</em></span> <span class='ocrx_word' id='word_1_76' title='bbox 1299 787 1369 830; x_wconf 79' lang='grc' dir='ltr'><em>ἵνα</em></span> <span class='ocrx_word' id='word_1_77' title='bbox 1391 781 1438 843; x_wconf 81' lang='grc' dir='ltr'><em>ἧν</em></span> <span class='ocrx_word' id='word_1_78' title='bbox 1457 791 1600 837; x_wconf 83' lang='grc' dir='ltr'><em>κακοῦ,</em></span> 
     </span>
     <span class='ocr_line' id='line_1_13' title="bbox 239 853 1602 912; baseline -0.002 -13"><span class='ocrx_word' id='word_1_79' title='bbox 239 857 414 912; x_wconf 77' lang='grc' dir='ltr'><em>δεηθεὶς</em></span> <span class='ocrx_word' id='word_1_80' title='bbox 426 855 569 911; x_wconf 92' lang='grc' dir='ltr'><em>Κύρου</em></span> <span class='ocrx_word' id='word_1_81' title='bbox 594 854 637 897; x_wconf 86' lang='grc' dir='ltr'><em>ἐκ</em></span> <span class='ocrx_word' id='word_1_82' title='bbox 660 860 744 898; x_wconf 84' lang='grc' dir='ltr'><em>τιῦν</em></span> <span class='ocrx_word' id='word_1_83' title='bbox 767 856 935 910; x_wconf 78' lang='grc' dir='ltr'><em>δεσμῶν</em></span> <span class='ocrx_word' id='word_1_84' title='bbox 956 858 1148 912; x_wconf 75' lang='grc' dir='ltr'><em>λυθῆναι</em></span> <span class='ocrx_word' id='word_1_85' title='bbox 1168 855 1298 908; x_wconf 71' lang='grc' dir='ltr'><em>ἔτυχε,</em></span> <span class='ocrx_word' id='word_1_86' title='bbox 1321 853 1379 906; x_wconf 79' lang='grc' dir='ltr'><em>(ὗς</em></span> <span class='ocrx_word' id='word_1_87' title='bbox 1400 855 1446 897; x_wconf 80' lang='grc' dir='ltr'><em>δὲ</em></span> <span class='ocrx_word' id='word_1_88' title='bbox 1467 853 1602 910; x_wconf 84' lang='grc' dir='ltr'><em>ἐλύθη</em></span> 
     </span>
     <span class='ocr_line' id='line_1_14' title="bbox 237 921 1601 981; baseline -0.001 -16"><span class='ocrx_word' id='word_1_89' title='bbox 237 940 282 965; x_wconf 93' lang='grc' dir='ltr'><em>τε</em></span> <span class='ocrx_word' id='word_1_90' title='bbox 307 923 490 975; x_wconf 88' lang='grc' dir='ltr'><em>τάχιστα</em></span> <span class='ocrx_word' id='word_1_91' title='bbox 515 924 587 964; x_wconf 86' lang='grc' dir='ltr'><em>καὶ</em></span> <span class='ocrx_word' id='word_1_92' title='bbox 612 927 695 965; x_wconf 78' lang='grc' dir='ltr'><em>τῶν</em></span> <span class='ocrx_word' id='word_1_93' title='bbox 715 928 867 979; x_wconf 83' lang='grc' dir='ltr'><em>χειριῦν</em></span> <span class='ocrx_word' id='word_1_94' title='bbox 890 923 1107 980; x_wconf 87' lang='grc' dir='ltr'><em>ἐκράτησε,</em></span> <span class='ocrx_word' id='word_1_95' title='bbox 1137 923 1406 981; x_wconf 77' lang='grc' dir='ltr'><em>διεργάζεται</em></span> <span class='ocrx_word' id='word_1_96' title='bbox 1427 921 1601 965; x_wconf 80' lang='grc' dir='ltr'><em>ἑωυτόν.</em></span> 
     </span>
     <span class='ocr_line' id='line_1_15' title="bbox 240 983 1601 1046; baseline 0 -14"><span class='ocrx_word' id='word_1_97' title='bbox 240 992 310 1033; x_wconf 82' lang='grc' dir='ltr'><em>καὶ</em></span> <span class='ocrx_word' id='word_1_98' title='bbox 345 989 394 1045; x_wconf 81' lang='grc' dir='ltr'><em>δη</em></span> <span class='ocrx_word' id='word_1_99' title='bbox 429 983 555 1040; x_wconf 73' lang='grc' dir='ltr'><em>οὗτος</em></span> <span class='ocrx_word' id='word_1_100' title='bbox 584 991 660 1043; x_wconf 80' lang='grc' dir='ltr'><em>μὲν</em></span> <span class='ocrx_word' id='word_1_101' title='bbox 692 991 844 1046; x_wconf 80' lang='grc' dir='ltr'><em>τρόπῳ</em></span> <span class='ocrx_word' id='word_1_102' title='bbox 877 990 1060 1046; x_wconf 77' lang='grc' dir='ltr'><em>τοιούτῳ</em></span> <span class='ocrx_word' id='word_1_103' title='bbox 1093 992 1287 1046; x_wconf 73' lang='grc' dir='ltr'><em>τελευτᾷ,</em></span> <span class='ocrx_word' id='word_1_104' title='bbox 1331 990 1517 1046; x_wconf 87' lang='grc' dir='ltr'><em>Τόμυρις</em></span> <span class='ocrx_word' id='word_1_105' title='bbox 1543 988 1601 1041; x_wconf 85' lang='grc' dir='ltr'><em>δέ,</em></span> 
     </span>
     <span class='ocr_line' id='line_1_16' title="bbox 241 1055 1605 1114; baseline -0.001 -14"><span class='ocrx_word' id='word_1_106' title='bbox 241 1055 299 1109; x_wconf 74' lang='grc' dir='ltr'><em>(ὅς</em></span> <span class='ocrx_word' id='word_1_107' title='bbox 325 1057 367 1100; x_wconf 83' lang='grc' dir='ltr'><em>οἱ</em></span> <span class='ocrx_word' id='word_1_108' title='bbox 391 1061 532 1114; x_wconf 84' lang='grc' dir='ltr'><em>Κῦρος</em></span> <span class='ocrx_word' id='word_1_109' title='bbox 558 1055 633 1099; x_wconf 78' lang='grc' dir='ltr'><em>οὐκ</em></span> <span class='ocrx_word' id='word_1_110' title='bbox 659 1056 876 1113; x_wconf 79' lang='grc' dir='ltr'><em>ἐσήκουσε,</em></span> <span class='ocrx_word' id='word_1_111' title='bbox 906 1059 1147 1110; x_wconf 77' lang='grc' dir='ltr'><em>συλλέξασα</em></span> <span class='ocrx_word' id='word_1_112' title='bbox 1172 1062 1320 1101; x_wconf 83' lang='grc' dir='ltr'><em>πᾶσαν</em></span> <span class='ocrx_word' id='word_1_113' title='bbox 1345 1056 1419 1113; x_wconf 77' lang='grc' dir='ltr'><em>τὴν</em></span> <span class='ocrx_word' id='word_1_114' title='bbox 1441 1056 1605 1112; x_wconf 77' lang='grc' dir='ltr'><em>ἑωυτῆς</em></span> 
     </span>
     <span class='ocr_line' id='line_1_17' title="bbox 241 1122 1605 1181; baseline -0.001 -13"><span class='ocrx_word' id='word_1_115' title='bbox 241 1126 417 1178; x_wconf 83' lang='grc' dir='ltr'><em>δύναμιν</em></span> <span class='ocrx_word' id='word_1_116' title='bbox 444 1126 649 1179; x_wconf 75' lang='grc' dir='ltr'><em>συνέβαλε</em></span> <span class='ocrx_word' id='word_1_117' title='bbox 668 1125 811 1181; x_wconf 80' lang='grc' dir='ltr'><em>Κύρῳ.</em></span> <span class='ocrx_word' id='word_1_118' title='bbox 849 1125 1007 1181; x_wconf 89' lang='grc' dir='ltr'><em>ταύτην</em></span> <span class='ocrx_word' id='word_1_119' title='bbox 1032 1124 1106 1180; x_wconf 81' lang='grc' dir='ltr'><em>τὴν</em></span> <span class='ocrx_word' id='word_1_120' title='bbox 1124 1125 1274 1180; x_wconf 82' lang='grc' dir='ltr'><em>μάχην,</em></span> <span class='ocrx_word' id='word_1_121' title='bbox 1304 1122 1407 1168; x_wconf 76' lang='grc' dir='ltr'><em>ὅσαι</em></span> <span class='ocrx_word' id='word_1_122' title='bbox 1428 1123 1477 1180; x_wconf 72' lang='grc' dir='ltr'><em>δὴ</em></span> <span class='ocrx_word' id='word_1_123' title='bbox 1498 1128 1605 1179; x_wconf 87' lang='grc' dir='ltr'><em>βαρ-</em></span> 
     </span>
     <span class='ocr_line' id='line_1_18' title="bbox 237 1190 1605 1248; baseline -0.001 -14"><span class='ocrx_word' id='word_1_124' title='bbox 237 1194 384 1248; x_wconf 89' lang='grc' dir='ltr'><em>βάρων</em></span> <span class='ocrx_word' id='word_1_125' title='bbox 416 1190 582 1248; x_wconf 78' lang='grc' dir='ltr'><em>ἀνδρῶν</em></span> <span class='ocrx_word' id='word_1_126' title='bbox 613 1193 749 1246; x_wconf 84' lang='grc' dir='ltr'><em>μάχαι</em></span> <span class='ocrx_word' id='word_1_127' title='bbox 775 1191 983 1247; x_wconf 86' lang='grc' dir='ltr'><em>ἐγένοντο,</em></span> <span class='ocrx_word' id='word_1_128' title='bbox 1017 1196 1145 1248; x_wconf 87' lang='grc' dir='ltr'><em>κρίνω</em></span> <span class='ocrx_word' id='word_1_129' title='bbox 1179 1192 1460 1248; x_wconf 83' lang='grc' dir='ltr'><em>ἰσχυροτάτην</em></span> <span class='ocrx_word' id='word_1_130' title='bbox 1491 1194 1605 1247; x_wconf 87' lang='grc' dir='ltr'><em>γενέ--</em></span> 
     </span>
     <span class='ocr_line' id='line_1_19' title="bbox 240 1256 1603 1315; baseline -0.001 -13"><span class='ocrx_word' id='word_1_131' title='bbox 240 1264 371 1312; x_wconf 88' lang='grc' dir='ltr'><em>σθαι,</em></span> <span class='ocrx_word' id='word_1_132' title='bbox 415 1262 487 1302; x_wconf 84' lang='grc' dir='ltr'><em>καὶ</em></span> <span class='ocrx_word' id='word_1_133' title='bbox 524 1258 573 1315; x_wconf 79' lang='grc' dir='ltr'><em>δὴ</em></span> <span class='ocrx_word' id='word_1_134' title='bbox 612 1262 680 1302; x_wconf 83' lang='grc' dir='ltr'><em>καὶ</em></span> <span class='ocrx_word' id='word_1_135' title='bbox 725 1260 1010 1313; x_wconf 90' lang='grc' dir='ltr'><em>πυνθάνομαι</em></span> <span class='ocrx_word' id='word_1_136' title='bbox 1047 1256 1159 1302; x_wconf 76' lang='grc' dir='ltr'><em>οῧτω</em></span> <span class='ocrx_word' id='word_1_137' title='bbox 1196 1264 1324 1302; x_wconf 82' lang='grc' dir='ltr'><em>τοῦτο</em></span> <span class='ocrx_word' id='word_1_138' title='bbox 1366 1259 1603 1315; x_wconf 84' lang='grc' dir='ltr'><em>γενόμενον.</em></span> 
     </span>
     <span class='ocr_line' id='line_1_20' title="bbox 239 1325 1606 1384; baseline -0.001 -14"><span class='ocrx_word' id='word_1_139' title='bbox 239 1332 394 1382; x_wconf 79' lang='grc' dir='ltr'><em>πρῶτα</em></span> <span class='ocrx_word' id='word_1_140' title='bbox 424 1327 500 1382; x_wconf 80' lang='grc' dir='ltr'><em>μὲν</em></span> <span class='ocrx_word' id='word_1_141' title='bbox 531 1326 611 1384; x_wconf 83' lang='grc' dir='ltr'><em>γὰρ</em></span> <span class='ocrx_word' id='word_1_142' title='bbox 643 1329 811 1382; x_wconf 87' lang='grc' dir='ltr'><em>λέγεται</em></span> <span class='ocrx_word' id='word_1_143' title='bbox 843 1325 997 1377; x_wconf 74' lang='grc' dir='ltr'><em>αὐτοὺς</em></span> <span class='ocrx_word' id='word_1_144' title='bbox 1030 1327 1290 1377; x_wconf 89' lang='grc' dir='ltr'><em>διαστάντας</em></span> <span class='ocrx_word' id='word_1_145' title='bbox 1322 1326 1364 1378; x_wconf 86' lang='grc' dir='ltr'><em>ἐς</em></span> <span class='ocrx_word' id='word_1_146' title='bbox 1396 1325 1606 1383; x_wconf 71' lang='grc' dir='ltr'><em>ἀλλήλους</em></span> 
     </span>
     <span class='ocr_line' id='line_1_21' title="bbox 237 1391 1606 1451; baseline -0.001 -13"><span class='ocrx_word' id='word_1_147' title='bbox 237 1395 439 1447; x_wconf 81' lang='grc' dir='ltr'><em>τοξεύειν,</em></span> <span class='ocrx_word' id='word_1_148' title='bbox 466 1394 575 1448; x_wconf 78' lang='grc' dir='ltr'><em>μετὰ</em></span> <span class='ocrx_word' id='word_1_149' title='bbox 602 1395 647 1437; x_wconf 82' lang='grc' dir='ltr'><em>δὲ</em></span> <span class='ocrx_word' id='word_1_150' title='bbox 674 1391 733 1445; x_wconf 75' lang='grc' dir='ltr'><em>ὥς</em></span> <span class='ocrx_word' id='word_1_151' title='bbox 759 1411 841 1451; x_wconf 82' lang='grc' dir='ltr'><em>σφι</em></span> <span class='ocrx_word' id='word_1_152' title='bbox 864 1393 918 1436; x_wconf 83' lang='grc' dir='ltr'><em>τὰ</em></span> <span class='ocrx_word' id='word_1_153' title='bbox 942 1396 1072 1448; x_wconf 87' lang='grc' dir='ltr'><em>βέλεα</em></span> <span class='ocrx_word' id='word_1_154' title='bbox 1099 1393 1410 1447; x_wconf 89' lang='grc' dir='ltr'><em>ἐξετετόξευτο,</em></span> <span class='ocrx_word' id='word_1_155' title='bbox 1439 1410 1606 1448; x_wconf 88' lang='grc' dir='ltr'><em>συμπε-</em></span> 
     </span>
     <span class='ocr_line' id='line_1_22' title="bbox 241 1461 1606 1518; baseline 0 -13"><span class='ocrx_word' id='word_1_156' title='bbox 241 1463 395 1513; x_wconf 86' lang='grc' dir='ltr'><em>σόντας</em></span> <span class='ocrx_word' id='word_1_157' title='bbox 426 1466 525 1518; x_wconf 80' lang='grc' dir='ltr'><em>τῇσι</em></span> <span class='ocrx_word' id='word_1_158' title='bbox 556 1462 737 1518; x_wconf 77' lang='grc' dir='ltr'><em>αἰχμῇσί</em></span> <span class='ocrx_word' id='word_1_159' title='bbox 766 1479 811 1504; x_wconf 91' lang='grc' dir='ltr'><em>τε</em></span> <span class='ocrx_word' id='word_1_160' title='bbox 848 1464 920 1504; x_wconf 86' lang='grc' dir='ltr'><em>καὶ</em></span> <span class='ocrx_word' id='word_1_161' title='bbox 950 1470 1067 1504; x_wconf 91' lang='grc' dir='ltr'><em>τοῖσι</em></span> <span class='ocrx_word' id='word_1_162' title='bbox 1103 1461 1400 1518; x_wconf 74' lang='grc' dir='ltr'><em>ἐγχειριδίοισι</em></span> <span class='ocrx_word' id='word_1_163' title='bbox 1437 1466 1606 1515; x_wconf 83' lang='grc' dir='ltr'><em>συνέχε-</em></span> 
     </span>
     <span class='ocr_line' id='line_1_23' title="bbox 240 1528 1607 1585; baseline 0 -13"><span class='ocrx_word' id='word_1_164' title='bbox 240 1534 365 1572; x_wconf 91' lang='grc' dir='ltr'><em>σθαι.</em></span> <span class='ocrx_word' id='word_1_165' title='bbox 411 1530 564 1584; x_wconf 88' lang='grc' dir='ltr'><em>χρόνον</em></span> <span class='ocrx_word' id='word_1_166' title='bbox 595 1546 641 1571; x_wconf 92' lang='grc' dir='ltr'><em>τε</em></span> <span class='ocrx_word' id='word_1_167' title='bbox 673 1528 722 1585; x_wconf 77' lang='grc' dir='ltr'><em>δὴ</em></span> <span class='ocrx_word' id='word_1_168' title='bbox 756 1529 830 1572; x_wconf 82' lang='grc' dir='ltr'><em>ἐπὶ</em></span> <span class='ocrx_word' id='word_1_169' title='bbox 861 1528 1025 1573; x_wconf 85' lang='grc' dir='ltr'><em>πολλὸν</em></span> <span class='ocrx_word' id='word_1_170' title='bbox 1051 1530 1308 1572; x_wconf 85' lang='grc' dir='ltr'><em>συνεστάναι</em></span> <span class='ocrx_word' id='word_1_171' title='bbox 1336 1533 1607 1584; x_wconf 82' lang='grc' dir='ltr'><em>μαχομένους</em></span> 
     </span>
     <span class='ocr_line' id='line_1_24' title="bbox 238 1596 1606 1654; baseline 0 -15"><span class='ocrx_word' id='word_1_172' title='bbox 238 1599 309 1639; x_wconf 81' lang='grc' dir='ltr'><em>καὶ</em></span> <span class='ocrx_word' id='word_1_173' title='bbox 337 1596 587 1652; x_wconf 71' lang='grc' dir='ltr'><em>οὐδετέρους</em></span> <span class='ocrx_word' id='word_1_174' title='bbox 614 1597 782 1640; x_wconf 85' lang='grc' dir='ltr'><em>ἐθέλειν</em></span> <span class='ocrx_word' id='word_1_175' title='bbox 808 1598 1002 1654; x_wconf 60' lang='grc' dir='ltr'><em>φεύγειν</em></span> <span class='ocrx_word' id='word_1_176' title='bbox 1034 1598 1156 1647; x_wconf 92' lang='grc' dir='ltr'><em>τέλος</em></span> <span class='ocrx_word' id='word_1_177' title='bbox 1183 1597 1228 1639; x_wconf 82' lang='grc' dir='ltr'><em>δὲ</em></span> <span class='ocrx_word' id='word_1_178' title='bbox 1255 1596 1296 1638; x_wconf 83' lang='grc' dir='ltr'><em>οἱ</em></span> <span class='ocrx_word' id='word_1_179' title='bbox 1320 1601 1606 1653; x_wconf 86' lang='grc' dir='ltr'><em>Μασσαγέται</em></span> 
     </span>
     <span class='ocr_line' id='line_1_25' title="bbox 239 1661 1607 1721; baseline 0.001 -15"><span class='ocrx_word' id='word_1_180' title='bbox 239 1668 548 1721; x_wconf 75' lang='grc' dir='ltr'><em>περιεγένοντο.</em></span> <span class='ocrx_word' id='word_1_181' title='bbox 611 1661 636 1720; x_wconf 75' lang='lat'><em>1‘7&#39;</em></span> <span class='ocrx_word' id='word_1_182' title='bbox 672 1681 722 1706; x_wconf 90' lang='grc' dir='ltr'><em>τε·</em></span> <span class='ocrx_word' id='word_1_183' title='bbox 761 1663 811 1720; x_wconf 74' lang='grc' dir='ltr'><em>δὴ</em></span> <span class='ocrx_word' id='word_1_184' title='bbox 855 1663 992 1720; x_wconf 82' lang='grc' dir='ltr'><em>πολλὴ</em></span> <span class='ocrx_word' id='word_1_185' title='bbox 1036 1668 1111 1721; x_wconf 84' lang='grc' dir='ltr'><em>τῆς</em></span> <span class='ocrx_word' id='word_1_186' title='bbox 1146 1668 1360 1720; x_wconf 77' lang='grc' dir='ltr'><em>Περσικῆς</em></span> <span class='ocrx_word' id='word_1_187' title='bbox 1403 1668 1607 1720; x_wconf 81' lang='grc' dir='ltr'><em>στρατιῆς</em></span> 
     </span>
     <span class='ocr_line' id='line_1_26' title="bbox 241 1730 1604 1789; baseline 0 -15"><span class='ocrx_word' id='word_1_188' title='bbox 241 1730 370 1774; x_wconf 59' lang='lat' dir='ltr'><em>afim&amp;</em></span> <span class='ocrx_word' id='word_1_189' title='bbox 397 1732 530 1788; x_wconf 85' lang='grc' dir='ltr'><em>ταύτῃ</em></span> <span class='ocrx_word' id='word_1_190' title='bbox 559 1732 782 1788; x_wconf 79' lang='grc' dir='ltr'><em>διεφθάρη</em></span> <span class='ocrx_word' id='word_1_191' title='bbox 809 1733 880 1774; x_wconf 88' lang='grc' dir='ltr'><em>καὶ</em></span> <span class='ocrx_word' id='word_1_192' title='bbox 912 1730 962 1788; x_wconf 80' lang='grc' dir='ltr'><em>δὴ</em></span> <span class='ocrx_word' id='word_1_193' title='bbox 988 1733 1060 1774; x_wconf 84' lang='grc' dir='ltr'><em>καὶ</em></span> <span class='ocrx_word' id='word_1_194' title='bbox 1092 1730 1221 1783; x_wconf 74' lang='grc' dir='ltr'><em>αὐτὸς</em></span> <span class='ocrx_word' id='word_1_195' title='bbox 1245 1737 1385 1789; x_wconf 82' lang='grc' dir='ltr'><em>Κῦρος</em></span> <span class='ocrx_word' id='word_1_196' title='bbox 1414 1733 1604 1788; x_wconf 78' lang='grc' dir='ltr'><em>τελευτᾷ,</em></span> 
     </span>
     <span class='ocr_line' id='line_1_27' title="bbox 238 1797 1605 1857; baseline 0.001 -17"><span class='ocrx_word' id='word_1_197' title='bbox 238 1799 502 1852; x_wconf 84' lang='grc' dir='ltr'><em>βασιλεύσας</em></span> <span class='ocrx_word' id='word_1_198' title='bbox 527 1798 581 1842; x_wconf 82' lang='grc' dir='ltr'><em>τὰ</em></span> <span class='ocrx_word' id='word_1_199' title='bbox 606 1800 750 1842; x_wconf 84' lang='grc' dir='ltr'><em>πάντα</em></span> <span class='ocrx_word' id='word_1_200' title='bbox 775 1798 868 1850; x_wconf 78' lang='grc' dir='ltr'><em>ἑνὸς</em></span> <span class='ocrx_word' id='word_1_201' title='bbox 895 1800 1046 1842; x_wconf 87' lang='grc' dir='ltr'><em>δέοντα</em></span> <span class='ocrx_word' id='word_1_202' title='bbox 1073 1800 1297 1857; x_wconf 84' lang='grc' dir='ltr'><em>τριήκοντα</em></span> <span class='ocrx_word' id='word_1_203' title='bbox 1324 1800 1434 1843; x_wconf 69' lang='grc' dir='ltr'><em>ἔτεα.</em></span> <span class='ocrx_word' id='word_1_204' title='bbox 1474 1797 1605 1843; x_wconf 78' lang='grc' dir='ltr'><em>ἀσκὸν</em></span> 
     </span>
     <span class='ocr_line' id='line_1_28' title="bbox 243 1865 1604 1924; baseline 0.001 -17"><span class='ocrx_word' id='word_1_205' title='bbox 243 1866 288 1908; x_wconf 79' lang='grc' dir='ltr'><em>δὲ</em></span> <span class='ocrx_word' id='word_1_206' title='bbox 307 1867 513 1921; x_wconf 78' lang='grc' dir='ltr'><em>πλήσασα</em></span> <span class='ocrx_word' id='word_1_207' title='bbox 528 1866 711 1921; x_wconf 78' lang='grc' dir='ltr'><em>αἵματος</em></span> <span class='ocrx_word' id='word_1_208' title='bbox 731 1865 1017 1923; x_wconf 75' lang='grc' dir='ltr'><em>ἀνθρωπηίου</em></span> <span class='ocrx_word' id='word_1_209' title='bbox 1038 1867 1223 1924; x_wconf 84' lang='grc' dir='ltr'><em>Τόμυρις</em></span> <span class='ocrx_word' id='word_1_210' title='bbox 1237 1866 1404 1923; x_wconf 76' lang='grc' dir='ltr'><em>ἐδίζητο</em></span> <span class='ocrx_word' id='word_1_211' title='bbox 1426 1866 1468 1910; x_wconf 87' lang='grc' dir='ltr'><em>ἐν</em></span> <span class='ocrx_word' id='word_1_212' title='bbox 1487 1875 1604 1909; x_wconf 91' lang='grc' dir='ltr'><em>τοῖσι</em></span> 
     </span>
     <span class='ocr_line' id='line_1_29' title="bbox 241 1928 1604 1990; baseline 0 -15"><span class='ocrx_word' id='word_1_213' title='bbox 241 1937 453 1976; x_wconf 80' lang='grc' dir='ltr'><em>τεθνεῶσι</em></span> <span class='ocrx_word' id='word_1_214' title='bbox 473 1938 557 1976; x_wconf 82' lang='grc' dir='ltr'><em>τῶν</em></span> <span class='ocrx_word' id='word_1_215' title='bbox 572 1937 771 1990; x_wconf 87' lang='grc' dir='ltr'><em>Περσέων</em></span> <span class='ocrx_word' id='word_1_216' title='bbox 791 1932 864 1977; x_wconf 86' lang='grc' dir='ltr'><em>τὸν</em></span> <span class='ocrx_word' id='word_1_217' title='bbox 877 1934 1022 1990; x_wconf 83' lang='grc' dir='ltr'><em>Κύρου</em></span> <span class='ocrx_word' id='word_1_218' title='bbox 1043 1937 1173 1986; x_wconf 86' lang='grc' dir='ltr'><em>νέκυν,</em></span> <span class='ocrx_word' id='word_1_219' title='bbox 1197 1932 1256 1985; x_wconf 79' lang='grc' dir='ltr'><em>ὥς</em></span> <span class='ocrx_word' id='word_1_220' title='bbox 1276 1935 1321 1976; x_wconf 78' lang='grc' dir='ltr'><em>δὲ</em></span> <span class='ocrx_word' id='word_1_221' title='bbox 1342 1928 1448 1990; x_wconf 69' lang='grc' dir='ltr'><em>εὗρε,</em></span> <span class='ocrx_word' id='word_1_222' title='bbox 1474 1933 1604 1976; x_wconf 86' lang='grc' dir='ltr'><em>ἐναπ-</em></span> 
     </span>
     <span class='ocr_line' id='line_1_30' title="bbox 240 1999 1600 2058; baseline -0.001 -15"><span class='ocrx_word' id='word_1_223' title='bbox 240 2006 313 2057; x_wconf 80' lang='grc' dir='ltr'><em>ῆκε</em></span> <span class='ocrx_word' id='word_1_224' title='bbox 345 1999 474 2043; x_wconf 78' lang='grc' dir='ltr'><em>αὐτοῦ</em></span> <span class='ocrx_word' id='word_1_225' title='bbox 506 2000 579 2057; x_wconf 75' lang='grc' dir='ltr'><em>τὴν</em></span> <span class='ocrx_word' id='word_1_226' title='bbox 616 2000 805 2058; x_wconf 73' lang='grc' dir='ltr'><em>κεφαλὴν</em></span> <span class='ocrx_word' id='word_1_227' title='bbox 842 2000 884 2052; x_wconf 85' lang='grc' dir='ltr'><em>ἐς</em></span> <span class='ocrx_word' id='word_1_228' title='bbox 920 2001 994 2044; x_wconf 85' lang='grc' dir='ltr'><em>τὸν</em></span> <span class='ocrx_word' id='word_1_229' title='bbox 1033 2000 1184 2045; x_wconf 78' lang='grc' dir='ltr'><em>ἀσκόν·</em></span> <span class='ocrx_word' id='word_1_230' title='bbox 1228 2003 1512 2057; x_wconf 30' lang='grc' dir='ltr'><em>λυλιιαινοδιιένη</em></span> <span class='ocrx_word' id='word_1_231' title='bbox 1554 2001 1600 2042; x_wconf 80' lang='grc' dir='ltr'><em>δὲ</em></span> 
     </span>
     <span class='ocr_line' id='line_1_31' title="bbox 240 2066 1603 2125; baseline -0.001 -14"><span class='ocrx_word' id='word_1_232' title='bbox 240 2073 300 2124; x_wconf 74' lang='grc' dir='ltr'><em>τῷ</em></span> <span class='ocrx_word' id='word_1_233' title='bbox 332 2072 463 2125; x_wconf 73' lang='grc' dir='ltr'><em>νεκρῷ</em></span> <span class='ocrx_word' id='word_1_234' title='bbox 496 2067 670 2124; x_wconf 89' lang='grc' dir='ltr'><em>ἐπέλεγε</em></span> <span class='ocrx_word' id='word_1_235' title='bbox 700 2069 816 2111; x_wconf 86' lang='grc' dir='ltr'><em>τάδε.</em></span> <span class='ocrx_word' id='word_1_236' title='bbox 872 2066 956 2111; x_wconf 79' lang='grc' dir='ltr'><em>“σὺ</em></span> <span class='ocrx_word' id='word_1_237' title='bbox 994 2069 1069 2122; x_wconf 79' lang='grc' dir='ltr'><em>μὲν</em></span> <span class='ocrx_word' id='word_1_238' title='bbox 1108 2067 1181 2123; x_wconf 78' lang='grc' dir='ltr'><em>ἐμὲ</em></span> <span class='ocrx_word' id='word_1_239' title='bbox 1218 2069 1413 2120; x_wconf 79' lang='grc' dir='ltr'><em>ζώουσαν</em></span> <span class='ocrx_word' id='word_1_240' title='bbox 1449 2084 1496 2110; x_wconf 87' lang='grc' dir='ltr'><em>τε</em></span> <span class='ocrx_word' id='word_1_241' title='bbox 1531 2070 1603 2110; x_wconf 85' lang='grc' dir='ltr'><em>καὶ</em></span> 
     </span>
     <span class='ocr_line' id='line_1_32' title="bbox 241 2133 1601 2193; baseline -0.001 -14"><span class='ocrx_word' id='word_1_242' title='bbox 241 2136 462 2179; x_wconf 84' lang='grc' dir='ltr'><em>νικέουσάν</em></span> <span class='ocrx_word' id='word_1_243' title='bbox 483 2152 530 2178; x_wconf 93' lang='grc' dir='ltr'><em>σε</em></span> <span class='ocrx_word' id='word_1_244' title='bbox 547 2136 661 2193; x_wconf 81' lang='grc' dir='ltr'><em>μάχῃ</em></span> <span class='ocrx_word' id='word_1_245' title='bbox 683 2133 928 2187; x_wconf 78' lang='grc' dir='ltr'><em>ἀπώλεσας,</em></span> <span class='ocrx_word' id='word_1_246' title='bbox 956 2136 1098 2178; x_wconf 89' lang='grc' dir='ltr'><em>παῖδα</em></span> <span class='ocrx_word' id='word_1_247' title='bbox 1116 2134 1189 2179; x_wconf 85' lang='grc' dir='ltr'><em>τὸν</em></span> <span class='ocrx_word' id='word_1_248' title='bbox 1211 2135 1313 2190; x_wconf 86' lang='grc' dir='ltr'><em>ἐμὸν</em></span> <span class='ocrx_word' id='word_1_249' title='bbox 1333 2135 1439 2178; x_wconf 75' lang='grc' dir='ltr'><em>ἔλων</em></span> <span class='ocrx_word' id='word_1_250' title='bbox 1462 2136 1575 2191; x_wconf 77' lang='grc' dir='ltr'><em>δόλῳ</em></span> <span class='ocrx_word' id='word_1_251' title='bbox 1591 2148 1601 2157; x_wconf 84' lang='grc'><em>·</em></span> 
     </span>
     <span class='ocr_line' id='line_1_33' title="bbox 241 2201 1602 2260; baseline -0.001 -13"><span class='ocrx_word' id='word_1_252' title='bbox 241 2204 289 2247; x_wconf 80' lang='grc' dir='ltr'><em>σὲ</em></span> <span class='ocrx_word' id='word_1_253' title='bbox 316 2201 355 2246; x_wconf 73' lang='grc' dir='ltr'><em>δ’</em></span> <span class='ocrx_word' id='word_1_254' title='bbox 374 2202 474 2259; x_wconf 78' lang='grc' dir='ltr'><em>ἐγώ,</em></span> <span class='ocrx_word' id='word_1_255' title='bbox 502 2204 695 2260; x_wconf 86' lang='grc' dir='ltr'><em>κατάπερ</em></span> <span class='ocrx_word' id='word_1_256' title='bbox 722 2201 953 2259; x_wconf 83' lang='grc' dir='ltr'><em>ἠπείλησα,</em></span> <span class='ocrx_word' id='word_1_257' title='bbox 983 2203 1167 2258; x_wconf 78' lang='grc' dir='ltr'><em>αἵματος</em></span> <span class='ocrx_word' id='word_1_258' title='bbox 1191 2201 1395 2259; x_wconf 80' lang='grc' dir='ltr'><em>κορέσω.”</em></span> <span class='ocrx_word' id='word_1_259' title='bbox 1446 2202 1500 2246; x_wconf 82' lang='grc' dir='ltr'><em>τὰ</em></span> <span class='ocrx_word' id='word_1_260' title='bbox 1526 2203 1602 2257; x_wconf 80' lang='grc' dir='ltr'><em>μὲν</em></span> 
     </span>
     <span class='ocr_line' id='line_1_34' title="bbox 242 2269 1602 2327; baseline 0 -15"><span class='ocrx_word' id='word_1_261' title='bbox 242 2270 292 2327; x_wconf 76' lang='grc' dir='ltr'><em>δὴ</em></span> <span class='ocrx_word' id='word_1_262' title='bbox 329 2269 437 2313; x_wconf 82' lang='grc' dir='ltr'><em>κατὰ</em></span> <span class='ocrx_word' id='word_1_263' title='bbox 473 2269 547 2327; x_wconf 80' lang='grc' dir='ltr'><em>την</em></span> <span class='ocrx_word' id='word_1_264' title='bbox 578 2271 722 2326; x_wconf 85' lang='grc' dir='ltr'><em>Κύρου</em></span> <span class='ocrx_word' id='word_1_265' title='bbox 759 2270 956 2327; x_wconf 77' lang='grc' dir='ltr'><em>τελευτὴν</em></span> <span class='ocrx_word' id='word_1_266' title='bbox 991 2275 1067 2313; x_wconf 85' lang='grc' dir='ltr'><em>τοῦ</em></span> <span class='ocrx_word' id='word_1_267' title='bbox 1097 2275 1215 2325; x_wconf 88' lang='grc' dir='ltr'><em>βίου,</em></span> <span class='ocrx_word' id='word_1_268' title='bbox 1254 2273 1428 2314; x_wconf 81' lang='grc' dir='ltr'><em>πολλῶν</em></span> <span class='ocrx_word' id='word_1_269' title='bbox 1464 2271 1602 2326; x_wconf 85' lang='grc' dir='ltr'><em>λόγων</em></span> 
     </span>
     <span class='ocr_line' id='line_1_35' title="bbox 241 2335 1272 2395; baseline 0.001 -15"><span class='ocrx_word' id='word_1_270' title='bbox 241 2340 476 2394; x_wconf 88' lang='grc' dir='ltr'><em>λεγομένων</em></span> <span class='ocrx_word' id='word_1_271' title='bbox 502 2335 576 2381; x_wconf 78' lang='grc' dir='ltr'><em>ὅδε</em></span> <span class='ocrx_word' id='word_1_272' title='bbox 601 2355 677 2392; x_wconf 91' lang='grc' dir='ltr'><em>μοι</em></span> <span class='ocrx_word' id='word_1_273' title='bbox 703 2336 725 2382; x_wconf 81' lang='grc' dir='ltr'><em>ὃ</em></span> <span class='ocrx_word' id='word_1_274' title='bbox 752 2339 1065 2388; x_wconf 81' lang='grc' dir='ltr'><em>πιθανώτατος</em></span> <span class='ocrx_word' id='word_1_275' title='bbox 1091 2339 1272 2395; x_wconf 77' lang='grc' dir='ltr'><em>εἴρηται.</em></span> 
     </span>
    </p>

    <p class='ocr_par' dir='ltr' id='par_1_6' title="bbox 242 2404 1606 2801">
     <span class='ocr_line' id='line_1_36' title="bbox 326 2404 1606 2462; baseline 0 -14"><span class='ocrx_word' id='word_1_276' title='bbox 326 2409 608 2461; x_wconf 84' lang='grc' dir='ltr'><em>Μασσαγέται</em></span> <span class='ocrx_word' id='word_1_277' title='bbox 641 2406 687 2448; x_wconf 79' lang='grc' dir='ltr'><em>δὲ</em></span> <span class='ocrx_word' id='word_1_278' title='bbox 719 2404 886 2462; x_wconf 80' lang='grc' dir='ltr'><em>ἐσθῆτά</em></span> <span class='ocrx_word' id='word_1_279' title='bbox 917 2422 962 2449; x_wconf 91' lang='grc' dir='ltr'><em>τε</em></span> <span class='ocrx_word' id='word_1_280' title='bbox 995 2404 1146 2461; x_wconf 83' lang='grc' dir='ltr'><em>ὁμοίην</em></span> <span class='ocrx_word' id='word_1_281' title='bbox 1172 2410 1222 2462; x_wconf 77' lang='grc' dir='ltr'><em>τῇ</em></span> <span class='ocrx_word' id='word_1_282' title='bbox 1247 2409 1441 2462; x_wconf 82' lang='grc' dir='ltr'><em>Σκυθικῇ</em></span> <span class='ocrx_word' id='word_1_283' title='bbox 1474 2408 1606 2462; x_wconf 84' lang='grc' dir='ltr'><em>φορέ-</em></span> 
     </span>
     <span class='ocr_line' id='line_1_37' title="bbox 243 2472 1606 2526; baseline -0.001 -10"><span class='ocrx_word' id='word_1_284' title='bbox 243 2489 341 2517; x_wconf 89' lang='grc' dir='ltr'><em>ουσι</em></span> <span class='ocrx_word' id='word_1_285' title='bbox 371 2476 442 2516; x_wconf 87' lang='grc' dir='ltr'><em>καὶ</em></span> <span class='ocrx_word' id='word_1_286' title='bbox 473 2474 641 2516; x_wconf 86' lang='grc' dir='ltr'><em>δίαιταν</em></span> <span class='ocrx_word' id='word_1_287' title='bbox 674 2473 837 2526; x_wconf 68' lang='grc' dir='ltr'><em>ἔχουσι,</em></span> <span class='ocrx_word' id='word_1_288' title='bbox 880 2473 1069 2516; x_wconf 78' lang='grc' dir='ltr'><em>ἱππόται</em></span> <span class='ocrx_word' id='word_1_289' title='bbox 1106 2474 1153 2516; x_wconf 86' lang='grc' dir='ltr'><em>δέ</em></span> <span class='ocrx_word' id='word_1_290' title='bbox 1190 2473 1275 2516; x_wconf 85' lang='grc' dir='ltr'><em>εἰσι</em></span> <span class='ocrx_word' id='word_1_291' title='bbox 1312 2475 1384 2515; x_wconf 81' lang='grc' dir='ltr'><em>καὶ</em></span> <span class='ocrx_word' id='word_1_292' title='bbox 1416 2472 1606 2516; x_wconf 78' lang='grc' dir='ltr'><em>ἄνιπποι</em></span> 
     </span>
     <span class='ocr_line' id='line_1_38' title="bbox 244 2539 1604 2599; baseline -0.001 -16"><span class='ocrx_word' id='word_1_293' title='bbox 244 2539 519 2599; x_wconf 31' lang='grc' dir='ltr'><em>(ἆιιιφοτέρων</em></span> <span class='ocrx_word' id='word_1_294' title='bbox 549 2540 629 2597; x_wconf 82' lang='grc' dir='ltr'><em>γὰρ</em></span> <span class='ocrx_word' id='word_1_295' title='bbox 659 2543 902 2595; x_wconf 88' lang='grc' dir='ltr'><em>μετέχουσι)</em></span> <span class='ocrx_word' id='word_1_296' title='bbox 940 2543 1010 2584; x_wconf 84' lang='grc' dir='ltr'><em>καὶ</em></span> <span class='ocrx_word' id='word_1_297' title='bbox 1046 2541 1226 2593; x_wconf 87' lang='grc' dir='ltr'><em>τοξόται</em></span> <span class='ocrx_word' id='word_1_298' title='bbox 1261 2557 1307 2583; x_wconf 90' lang='grc' dir='ltr'><em>τε</em></span> <span class='ocrx_word' id='word_1_299' title='bbox 1344 2542 1415 2583; x_wconf 84' lang='grc' dir='ltr'><em>καὶ</em></span> <span class='ocrx_word' id='word_1_300' title='bbox 1452 2540 1604 2593; x_wconf 80' lang='grc' dir='ltr'><em>αἰχμο-</em></span> 
     </span>
     <span class='ocr_line' id='line_1_39' title="bbox 243 2606 1605 2665; baseline -0.004 -12"><span class='ocrx_word' id='word_1_301' title='bbox 243 2610 387 2665; x_wconf 84' lang='grc' dir='ltr'><em>φόροι,</em></span> <span class='ocrx_word' id='word_1_302' title='bbox 417 2609 597 2665; x_wconf 86' lang='grc' dir='ltr'><em>σαγάρις</em></span> <span class='ocrx_word' id='word_1_303' title='bbox 621 2609 864 2663; x_wconf 81' lang='grc' dir='ltr'><em>νομίζοντες</em></span> <span class='ocrx_word' id='word_1_304' title='bbox 891 2608 1010 2662; x_wconf 70' lang='grc' dir='ltr'><em>ἔχειν.</em></span> <span class='ocrx_word' id='word_1_305' title='bbox 1051 2613 1198 2665; x_wconf 75' lang='grc' dir='ltr'><em>χρυσῷ</em></span> <span class='ocrx_word' id='word_1_306' title='bbox 1225 2609 1270 2652; x_wconf 82' lang='grc' dir='ltr'><em>δὲ</em></span> <span class='ocrx_word' id='word_1_307' title='bbox 1295 2610 1366 2650; x_wconf 83' lang='grc' dir='ltr'><em>καὶ</em></span> <span class='ocrx_word' id='word_1_308' title='bbox 1387 2609 1531 2662; x_wconf 76' lang='grc' dir='ltr'><em>χαλκῷ</em></span> <span class='ocrx_word' id='word_1_309' title='bbox 1551 2606 1605 2648; x_wconf 78' lang='grc' dir='ltr'><em>τὰ</em></span> 
     </span>
     <span class='ocr_line' id='line_1_40' title="bbox 242 2672 1600 2733; baseline -0.002 -15"><span class='ocrx_word' id='word_1_310' title='bbox 242 2676 387 2718; x_wconf 87' lang='grc' dir='ltr'><em>πάντα</em></span> <span class='ocrx_word' id='word_1_311' title='bbox 414 2680 630 2731; x_wconf 83' lang='grc' dir='ltr'><em>χρέονται·</em></span> <span class='ocrx_word' id='word_1_312' title='bbox 668 2673 752 2719; x_wconf 76' lang='grc' dir='ltr'><em>ὅσα</em></span> <span class='ocrx_word' id='word_1_313' title='bbox 781 2677 857 2730; x_wconf 81' lang='grc' dir='ltr'><em>μὲν</em></span> <span class='ocrx_word' id='word_1_314' title='bbox 887 2675 967 2733; x_wconf 81' lang='grc' dir='ltr'><em>γὰρ</em></span> <span class='ocrx_word' id='word_1_315' title='bbox 1001 2676 1043 2727; x_wconf 84' lang='grc' dir='ltr'><em>ἐς</em></span> <span class='ocrx_word' id='word_1_316' title='bbox 1080 2675 1237 2729; x_wconf 78' lang='grc' dir='ltr'><em>αἰχμὰς</em></span> <span class='ocrx_word' id='word_1_317' title='bbox 1266 2678 1337 2718; x_wconf 86' lang='grc' dir='ltr'><em>καὶ</em></span> <span class='ocrx_word' id='word_1_318' title='bbox 1374 2672 1497 2729; x_wconf 78' lang='grc' dir='ltr'><em>ἄρδις</em></span> <span class='ocrx_word' id='word_1_319' title='bbox 1528 2676 1600 2716; x_wconf 82' lang='grc' dir='ltr'><em>καὶ</em></span> 
     </span>
     <span class='ocr_line' id='line_1_41' title="bbox 244 2740 1596 2801; baseline -0.002 -16"><span class='ocrx_word' id='word_1_320' title='bbox 244 2744 434 2799; x_wconf 85' lang='grc' dir='ltr'><em>σαγάρις,</em></span> <span class='ocrx_word' id='word_1_321' title='bbox 459 2745 602 2799; x_wconf 76' lang='grc' dir='ltr'><em>χαλκῷ</em></span> <span class='ocrx_word' id='word_1_322' title='bbox 624 2742 676 2786; x_wconf 82' lang='grc' dir='ltr'><em>τὰ</em></span> <span class='ocrx_word' id='word_1_323' title='bbox 703 2743 846 2787; x_wconf 87' lang='grc' dir='ltr'><em>πάντα</em></span> <span class='ocrx_word' id='word_1_324' title='bbox 867 2748 1084 2801; x_wconf 82' lang='grc' dir='ltr'><em>χρέονται·</em></span> <span class='ocrx_word' id='word_1_325' title='bbox 1112 2740 1194 2786; x_wconf 77' lang='grc' dir='ltr'><em>ὅσα</em></span> <span class='ocrx_word' id='word_1_326' title='bbox 1222 2743 1267 2785; x_wconf 81' lang='grc' dir='ltr'><em>δὲ</em></span> <span class='ocrx_word' id='word_1_327' title='bbox 1286 2745 1386 2800; x_wconf 83' lang='grc' dir='ltr'><em>περὶ</em></span> <span class='ocrx_word' id='word_1_328' title='bbox 1406 2740 1596 2797; x_wconf 68' lang='grc' dir='ltr'><em>κεφαλὴν</em></span> 
     </span>
    </p>
   </div>
  </div>
 </body>
</html>
