1794 3282
497 238 591 264 VITA
615 239 666 263 ΕΤ
690 236 863 264 SCRIPTIS
890 237 1189 264 COMMENTATIO-

1481 236 1567 265 xm

117 311 303 358 tegritate,
321 311 383 356 pia
401 311 559 355 quadam
575 310 705 346 fraude
723 321 831 356 quae·
842 311 996 356 'aliquid
1017 310 1188 345 habuisse
1211 310 1397 344 hominum
1421 311 1568 354 iudicio,

119 367 262 401 cunque
296 338 342 390 'de
378 356 456 390 deis
490 357 655 401 exposuit
687 357 831 390 simula-

117 403 212 436 visse
244 412 282 435 se
316 402 463 435 credere
492 406 602 446 atque
633 412 724 446 quae
752 403 832 446 ipse

117 448 253 482 rideret
290 446 504 498 aequalibus
548 447 831 490 commendasse,

118 491 335 527 Steudeneri
344 492 373 515 10
390 492 606 526 sententiam
619 491 832 526 firmissimis

117 537 341 582 argumentis
385 537 585 571 stabilitam
629 548 831 582 sequemur,

116 582 292 625 docentis,
310 582 346 616 in
361 582 547 617 Herodoto
560 587 699 617 tantam
716 583 832 616 inesse

117 627 376 662 verecundiam
393 628 551 662 omnium
563 639 683 662 rerum
697 638 831 665 earum,

118 683 212 718 quae
256 684 324 706 usu
366 678 535 724 receptae
583 666 832 724 solemnesque

117 723 212 762 sunt,
230 722 269 752 ut
286 718 442 752 cuiusvis
460 718 587 770 populi
601 719 646 752 de
665 718 742 751 deis
757 717 831 762 opi—

117 764 265 798 nionem
287 764 530 814 quantumvis
539 763 585 796 ab
609 773 674 796 sua
703 762 831 796 abhor-

119 813 261 843 rentem
277 808 480 842 convellere
503 808 577 842 sive
595 807 751 841 ludibrio
768 808 831 840 ha—

118 854 205 888 bere
224 858 260 888 et
275 854 355 898 ipse
372 853 429 886 vel
445 852 598 886 maxime
616 855 784 886 vereatur
797 856 832 885 et

117 910 200 933 cum
228 897 275 931 ab
303 897 385 931 aljis
413 897 503 931 talia
530 897 689 930 admissa
711 902 832 930 narret

163 942 341 977 avissimis
363 942 484 976 verbis
512 942 695 993 vituperet
723 946 832 985 atque

118 988 275 1033 castiget
283 987 352 1031 (ΠΙ
360 987 427 1029 38).
459 987 551 1021 Inde
566 987 652 1021 satis
667 990 831 1032 apparet,

117 1033 304 1068 Herodoto
326 1032 436 1066 etiam
453 1032 664 1075 oraculis,
689 1032 831 1076 quibus,

118 1090 201 1113 cum
229 1089 251 1112 a
279 1078 347 1111 deo
375 1078 535 1121 quodam
562 1077 727 1122 profecta
754 1087 832 1111 esse

856 367 913 390 res
951 355 1092 390 futuras
1136 355 1335 401 significari
1374 356 1567 398 existimat,

857 412 1063 454 quanquam
1080 401 1299 435 somniorum
1311 383 1569 435 divinationeni

856 447 1031 481 incertam
1061 451 1096 481 et
1125 446 1303 480 lubricam
1332 457 1409 481 esse
1437 446 1569 480 identi-

858 492 940 526 dem
958 491 1057 526 dicit.
1089 491 1187 526 Fieri
1206 491 1301 525 enim
1318 495 1438 536 potest
1454 495 1494 524 ut
1505 491 1568 524 ho-

857 537 971 571 mines
993 536 1086 571 falsa
1110 537 1327 571 somniorum
1354 537 1569 581 interpreta-

856 583 953 617 tione
966 582 1004 616 in
1023 593 1178 616 errorem
1191 582 1329 616 inducti
1342 582 1419 616 deci
1428 582 1571 626 piantur

858 628 889 666 (Ι
902 628 958 662 45.
973 628 1050 662 210.
1068 627 1125 661 III
1136 628 1190 661 65.
1204 628 1221 661 Ι
1236 628 1313 662 108.
1328 628 1405 661 209.
1425 627 1566 660 111124.

858 667 889 707 Χ
894 673 929 706 ΙΙ
948 674 1016 717 16).
1036 693 1079 698 -
1096 672 1217 706 Etiam
1234 673 1425 711 ominibus,
1449 672 1570 716 prodi-

857 718 938 762 giis,
963 701 1130 761 ostentis,
1155 718 1334 769 auguriis,
1359 717 1568 769 extispiciis,

857 763 938 796 aliis
957 762 1174 796 artificiosae
1193 762 1424 796 divinationis
1443 762 1568 807 signis,

857 807 978 840 avium
994 807 1128 849 volatu,
1152 813 1271 841 terrae
1289 807 1459 849 motibus,
1474 791 1569 841 solis

857 852 1139 895 defectionibus,
1172 852 1321 886 vocibus
1349 852 1518 886 ominosis
1549 864 1571 885 ‘L

858 897 935 930 (1015
959 879 1167 942 significata
1190 907 1267 931 esse
1291 907 1383 940 quae
1401 896 1480 930 fieri
1496 897 1568 930 vel-

857 943 932 975 lent
948 952 1124 986 persaepe
1142 946 1264 975 narrat
1281 941 1349 986 (VI
1366 941 1571 975 37.98.111

858 987 912 1021 76.
930 988 986 1021 85.
1009 987 1064 1021 IV
1082 987 1134 1020 79.
1161 987 1234 1022 VH
1250 987 1305 1021 42.
1330 986 1424 1022 VIII
1440 986 1495 1021 37.
1514 986 1571 1020 IX

857 1033 910 1066 90.
937 1032 991 1066 VI
1007 1032 1051 1066 27
1074 1031 1186 1075 φιλέει
1210 1030 1253 1065 δέ
1273 1045 1342 1067 κως
1367 1038 1568 1075 προοηιιιιι-

858 1092 933 1110 ιειι
950 1077 1008 1121 (τὸ
1023 1078 1154 1130 θεῖοι),
1174 1076 1244 1110 εὖτ’
1254 1091 1299 1109 (ιν
1317 1077 1421 1119 udalr
1435 1091 1499 1123 ιιε)
1494 1078 1555 1110 a'l.
1558 1091 1570 1109 ι

117 1123 336 1167 viderentur,
356 1121 516 1157 Giaecos
535 1134 711 1157 summam
724 1121 833 1156 fidem
859 1137 949 1155 zaza
968 1122 986 1164 ἢ
1006 1124 1088 1155 πάιι
1108 1136 1127 1162 r
1144 1123 1252 1155 ὲθιεὶ
1267 1115 1440 1161 ἔσεσθαι).

116 1168 287 1203 habuisse
321 1171 478 1211 constat,
511 1179 597 1202 vera
627 1167 833 1202 hominibus

903 1167 968 1202 VI.
994 1166 1201 1201 Herodotus
1220 1166 1570 1212 quanquamDorica

119 1213 371 1266 praenuntiari
394 1214 446 1247 ita
471 1195 585 1247 'fuisse
607 1224 832 1265 persuasum,
857 1212 970 1257 stirpe
999 1212 1190 1255 oriundus,
1220 1218 1343 1247 tamen
1365 1218 1404 1246 ut
1427 1212 1528 1264 Hipp
1533 1224 1567 1246 o-

117 1263 159 1292 ut
173 1259 253 1304 ipse
271 1258 318 1292 ab
333 1259 384 1293 eis
398 1269 482 1293 vera
501 1258 707 1293 hominibus
721 1259 831 1303 signi—
858 1263 986 1299 crates,
1011 1258 1072 1303 qui
1090 1239 1253 1292 eiusdem
1270 1258 1340 1291 fuit
1357 1258 1489 1310 gentis,
1512 1258 1568 1292 Io-

116 1303 221 1338 ficari
239 1302 447 1338 confideret.
488 1304 543 1338 Ac
560 1315 606 1337 ne
624 1314 667 1337 ea
685 1286 831 1348 quidem
857 1303 938 1337 nica
957 1303 1182 1337 dialecto
1172 1315 1207 1337 111
1226 1303 1328 1337 libris
1343 1303 1569 1347 perscriben-

116 1360 156 1384 re
177 1348 382 1383 infirmatur
401 1348 510 1391 fides,
541 1359 650 1392 quam
678 1349 832 1384 maculis
858 1349 913 1382 dis
930 1360 1015 1382 usus
1030 1352 1084 1382 est
1096 1360 1167 1382 non
1181 1349 1288 1383 locali
1301 1349 1435 1393 aliqua,
1444 1348 1569 1393 quales

116 1394 241 1438 habet,
266 1394 363 1439 quod
380 1405 640 1439 saepenumero
658 1394 831 1440 ambigua
856 1394 1002 1428 fuerunt
1024 1398 1194 1438 quattuor
1221 1394 1362 1439 speeies
1385 1394 1431 1428 ab
1455 1394 1490 1428 H
1495 1405 1570 1428 ero

117 1443 155 1474 et
177 1440 330 1474 obscura
353 1439 399 1473 ab
424 1439 578 1473 oraculis
602 1423 780 1474 edunturo
778 1451 831 1474 re-
857 1439 941 1473 doto
955 1439 1149 1473 distinctae
1160 1438 1303 1484 (Carica
1308 1439 1456 1484 ,Lydia‚
1467 1437 1568 1481 Chia,

116 1496 266 1530 sponsaq
301 1485 434 1519 etenim
464 1485 627 1529 quamvis
657 1485 736 1529 ipse
761 1485 831 1519 duo
858 1484 1046 1527 Samiam)
1065 1485 1129 1518 sed
1146 1485 1267 1529 potius
1284 1485 1465 1519 communi
1482 1496 1567 1529 qui

116 1530 340 1575 insigniaPy
343 1530 443 1564 thiae
457 1542 510 1575 pi
502 1541 627 1564 ’10111115
632 1534 830 1583 corruptae
857 1530 941 1564 darn
971 1530 1131 1582 pliorum
1159 1530 1480 1575 (logographorum
1509 1535 1572 1564 aut

119 1576 285 1620 exempla
308 1575 438 1609 afferat
460 1575 508 1616 <V
531 1576 585 1610 63.
612 1575 646 1610 Χ
649 1576 666 1609 1
690 1575 764 1618 66),
789 1587 831 1609 ex
856 1575 1071 1620 scriptorum
1103 1575 1141 1608 in
1172 1586 1292 1609 rerum
1329 1575 1569 1610 monumentis

115 1621 281 1673 plurimis
313 1621 539 1654 oraculorum
570 1621 772 1665 responsis
784 1621 831 1655 ab
857 1620 1114 1665 componendis
1146 1622 1389 1664 versatorum)
1423 1620 1568 1671 scriptis

115 1666 196 1710 ipso
226 1665 513 1700 commemoratis
541 1677 585 1700 ne
615 1677 725 1699 unum
754 1667 830 1709 quj-
856 1666 930 1700 iam
948 1665 1173 1700 conformata
1190 1665 1353 1699 literaria
1370 1665 1475 1709 quasi
1493 1665 1568 1699 (111-

118 1711 228 1745 dem
218 1710 377 1745 inveniri
394 1714 497 1755 potes
484 1714 531 1753 st,
557 1711 601 1744 de
622 1711 722 1744 cuius
739 1711 830 1745 veri·
842 1699 950 1745 ⁹lecto
967 1710 1102 1745 Ionica.
1137 1710 1231 1744 Nam
1249 1722 1342 1746 cum
1361 1721 1432 1762 qua
1447 1714 1567 1744 aetate

115 1760 192 1790 tate
215 1755 360 1800 fideque
383 1756 587 1790 addubitet
607 1776 650 1781 —
667 1756 831 1790 Eandem
856 1756 1063 1790 Herodotus
1080 1756 1248 1790 historias
1265 1755 1569 1800 conscripsit‚10-

114 1800 226 1835 fidem
258 1801 491 1835 vaticiniis
531 1801 698 1844 adhibet,
738 1812 830 1846 quae
855 1813 940 1835 num
958 1801 1136 1835 dialectus
1153 1801 1307 1835 maxime
1325 1801 1422 1835 culta
1440 1804 1534 1834 esset
1550 1811 1571 1834 a.

114 1846 255 1890 antiqui
271 1850 373 1880 vates
391 1846 511 1880 divino
529 1846 688 1890 quodam
710 1845 829 1880 furore
855 1857 975 1880 rerum
992 1846 1240 1891 smiptoribus,
1258 1857 1330 1880 non
1347 1845 1569 1888 mirabimur

115 1891 287 1926 concitati
305 1891 514 1934 ediderunt,
544 1902 587 1925 ae
610 1896 756 1935 praeter
772 1902 830 1925 00-
856 1892 953 1936 quod
973 1892 1053 1936 ipse
1075 1891 1283 1926 Herodotus
1307 1902 1430 1925 eorum
1453 1902 1569 1925 exem

113 1940 211 1971 teros
250 1947 331 1970 cum
362 1936 539 1970 Bacidem
571 1936 762 1970 Boeotium
795 1940 830 1970 et
856 1937 956 1981 plum
970 1940 1114 1971 secutus
1129 1940 1193 1971 est
1216 1935 1271 1971 Cf.
1281 1936 1434 1988 Dionys.
1446 1936 1566 1970 Halie.

114 1981 305 2016 Musaeum
326 1981 589 2016 Atheniensem
620 1992 703 2015 vera
726 1992 829 2026 prae-
856 1982 910 2016 VI
925 1981 1009 2017 864:
1035 1983 1071 2015 οἱ
1094 1982 1133 2015 δὲ
1157 1982 1230 2026 πρὸ
1252 1985 1317 2015 τοῦ
1338 1981 1568 2022 Πελοποιιμνι

114 2027 248 2062 dixisse
272 2038 486 2072 persuasum
507 2027 677 2070 haberet,
708 2038 830 2061 eorum
858 2030 982 2061 σιακοῦ
1000 2041 1062 2073 722·
1066 2028 1190 2068 όμειοι
1208 2027 1370 2061 πολέμου
1394 2031 1453 2060 καὶ
1469 2030 1571 2070 ιιέχρι

112 2072 304 2116 vaticinia,
338 2076 416 2107 tota
445 2071 603 2107 Graecia
631 2083 764 2118 magno
792 2073 830 2106 in
856 2075 920 2106 τοῦ
938 2070 1165 2107 Θοιῦκιὸίδου
1186 2076 1486 2126 παρεκτείναντες
1501 2072 1571 2114 rh-

111 2117 248 2152 honore
265 2117 403 2161 habita,
421 2118 611 2163 permagni
629 2129 707 2152 esse
722 2118 830 2152 aesti-

112 2163 248 2219 manda
265 2167 389 2198 censet
401 2163 508 2206 (VHI
522 2164 576 2197 77.
589 2168 778 2206 χρησμοῖσι
792 2163 831 2197 δὲ

116 2208 182 2242 οὐκ
201 2210 266 2251 ἔχω
285 2209 330 2242 ἀι
334 2208 429 2253 mle>
432 2223 485 2242 ειν
507 2207 555 2244 αἱς
574 2222 640 2241 ουκ
663 2209 731 2242 εἰσί
749 2208 827 2251 ἀλη-

112 2254 209 2294 θέες,
226 2267 267 2287 ου
282 2253 505 2298 βουλόιιειος
519 2257 695 2305 έιιαργέςω
709 2253 830 2300 λέγον-

112 2312 177 2334 τας
200 2299 401 2343 πειρᾶσθαι
425 2299 673 2342 καταβάλληειν
699 2302 734 2334 ἐς
756 2313 832 2333 τοι-

112 2342 178 2377 άδε
203 2346 395 2390 πρήγματα
409 2343 606 2398 εσβλεψιις
633 2365 677 2369 —
701 2347 734 2380 ἐς
757 2358 831 2378 τοι-

113 2403 206 2422 ssan
225 2392 289 2422 ΙΙὲΙΙ
306 2404 364 2422 καί
384 2403 424 2422 01.
430 2403 480 2422 Τω
500 2393 528 2423 ἑ]
534 2403 676 2435 ἀΟγΕίΟΞ
689 2393 830 2436 Ιξγοῑτι

115 2432 249 2467 Βάκιδι
293 2434 493 2489 ἀντιλογίης
533 2438 704 2487 χρησμῶν
749 2439 832 2479 πέρι

119 2478 203 2512 οὔτε
222 2478 330 2514 misto
352 2478 467 2524 λέγειν
483 2479 622 2513 τοᾹιιέω
645 2479 727 2513 οὔτε
746 2493 819 2523 παρ

111 2522 231 2556 ἄλλων
260 2522 460 2557 ἐνδέκομαι.
500 2523 546 2558 Cf.
574 2524 668 2559 VIII
689 2525 744 2559 20.
771 2525 825 2559 96.

110 2568 170 2603 ΙΧ
190 2568 259 2611 43).
283 2588 329 2594 ·—-
356 2568 451 2603 Item
490 2569 691 2611 somniis,
731 2579 826 2613 quae

110 2613 272 2658 antiquis
300 2613 524 2659 temporibus
549 2618 690 2649 constat
714 2614 826 2649 divini

857 2122 933 2153 κιάς
920 2142 950 2159 3,
981 2116 1107 2153 ὁιιοίας
1129 2119 1233 2159 ἔσχον
1256 2114 1414 2153 ἅπαντες
1437 2116 1484 2152 ὠς
1509 2120 1574 2161 ἐστὶ>

856 2163 898 2197 τὸ
918 2163 1011 2197 nolu
1033 2174 1273 2209 προαιρεσειε·
1293 2163 1333 2196 οἵ
1344 2176 1383 2196 τε
1400 2162 1466 2205 τὴν
1479 2162 1571 2196 Ἰάὸα

859 2198 1099 2253 προελόμενοι
1122 2198 1321 2248 διάλεκτον,
1345 2208 1412 2251 τήν
1434 2222 1473 2242 τε
1496 2213 1571 2243 τοῖς

857 2243 941 2288 τάδε
956 2255 1046 2297 χρόα
1049 2267 1100 2289 οις
1119 2253 1271 2287 μάλιστα
1288 2252 1492 2293 ἀνθοῦσαν,
1511 2258 1571 2287 καὶ

858 2300 894 2333 οἱ
910 2300 975 2342 τὴν
992 2297 1307 2349 ἀρχαίανΑι-θίδα
1323 2300 1451 2342 μικράς
1472 2312 1572 2334 τιιας

857 2346 1010 2387 ἔχουσαν
1024 2344 1199 2389 διαφορὰς
1214 2356 1312 2388 παρα
1327 2358 1392 2385 τνν
1399 2342 1490 2377 [fida
1500 2349 1568 2378 etc.

901 2389 1081 2424 Dialectis
1097 2392 1262 2423 veterum
1269 2378 1496 2441 scriptorum
1512 2389 1568 2422 Io-

856 2435 1017 2469 nicorum
1039 2435 1134 2469 inter
1156 2444 1193 2467 se
1211 2434 1431 2478 comparatis
1448 2444 1568 2479 gram-

857 2480 980 2515 matici
1013 2479 1137 2531 graeci
1165 2479 1287 2523 plures
1315 2478 1461 2513 Ionicae
1491 2479 1567 2512 dia

855 2525 939 2559 lecti
958 2524 1100 2570 species
1122 2523 1336 2558 statuendas
1361 2533 1439 2558 esse
1463 2523 1568 2558 intel-

890 2627 915 2645 11
937 2627 1018 2658 Quod
1038 2627 1138 2651 Suidas
1163 2626 1203 2658 (v,
1222 2625 1260 2657 s.)
1278 2626 1455 2651 Herodotum
1477 2627 1570 2652 Samia

856 2662 977 2686 dialecto
998 2668 1079 2685 usum
1099 2667 1162 2685 esse
1182 2661 1281 2689 tradit,
1308 2667 1341 2685 eo
1361 2664 1470 2685 tantum
1489 2668 1570 2690 argu-

857 2700 951 2720 mento
968 2698 1125 2719 commotus
1139 2701 1202 2719 esse
1216 2694 1337 2724 videtur,
1352 2694 1428 2726 quod
1441 2695 1571 2719 Herodo-

145 2726 173 2746 10
191 2728 234 2754 De
248 2729 434 2755 divinationis
447 2731 519 2761 apud
529 2729 704 2755 Herodotum
718 2731 829 2755 ratione
856 2733 914 2754 tum
935 2729 1010 2753 Sami
1030 2735 1092 2754 esse
1116 2728 1165 2753 diu
1184 2732 1387 2753 commoratum
1414 2730 1482 2754 satis
1503 2735 1571 2752 eon-

106 2764 218 2795 scripsit
226 2764 324 2789 Herm.
339 2765 504 2790 Steudener.
533 2764 691 2790 Rossleben
707 2766 783 2789 1855.

856 2765 957 2789 stabat.
