1794 3282
101 258 137 286 'X
687 258 740 282 DE
765 257 970 283 HERODOTI

103 333 261 367 fructum
285 343 392 377 quam
415 343 457 365 ex
474 330 672 365 Alexandri
694 329 817 375 magni

106 378 334 422 expeditione
358 377 395 410 in
417 376 543 409 Asiam
566 375 665 408 facta
692 384 816 419 perce-

105 423 236 467 perint.

150 467 216 501 IV.
235 467 502 499 Euan-averunt
515 463 733 515 logographi
745 463 815 496 sin-

106 512 271 556 gularum
302 509 446 543 urbium
474 509 632 553 origlnes
661 509 815 550 (κτίσεις)

103 557 294 600 primaque
320 554 507 588 civitatum
529 553 709 595 instituta,
735 564 815 586 con-

105 601 325 644 scripserunt
371 598 519 632 annales
571 597 733 642 gentium
782 601 816 631 et

104 651 230 689 postea
253 644 406 686 urbium,
430 643 568 676 indices
593 642 757 686 stirpium
781 646 816 675 et

104 690 323 723 familiarum
346 688 609 733 (γενεαλογιάι),
638 687 734 720 unde
763 687 814 720 111-

102 735 297 779 tellegetru·
327 733 499 767 historiae
534 732 814 766 conscribendae

104 779 305 823 primordia
333 789 354 812 a
387 777 620 823 logographis
652 776 816 821 profecta

106 835 195 857 esse.
246 824 381 858 Verum
404 823 499 857 enim
528 834 613 856 vero
637 833 717 855 011111
740 822 815 855 ani-

102 880 179 903 mos
198 880 219 903 a
239 868 373 902 fabulis
396 867 697 913 opinionibusque
721 866 815 900 fictis

102 914 287 948 vindicare
302 925 371 947 11011
385 916 542 957 possent,
557 912 692 946 factum
710 916 763 945 est
776 915 815 945 ut

103 959 238 1002 quibus
262 959 351 992 libet
374 958 579 991 fabularum
604 957 815 991 commentis

104 1004 180 1037 sine
198 1004 272 1037 ulla
291 1003 514 1036 dubitatione
540 1001 648 1035 fidem
666 1002 813 1035 adhibe-

102 1053 182 1082 rent
200 1048 260 1085 (cf.
281 1048 396 1081 Thuc.
417 1047 433 1080 I
450 1047 518 1086 ΞΟ).
551 1047 706 1080 Accedit
720 1046 815 1090 quod

102 1093 155 1126 nil
178 1093 247 1126 nisi
269 1104 389 1126 rerum
412 1092 631 1125 lineamenta
653 1091 816 1125 iecerunt

104 1142 139 1171 et
157 1138 232 1171 sine
250 1137 331 1171 ullis
350 1137 568 1171 ornamentis
585 1140 815 1170 monumenta

103 1183 218 1216 solum
240 1187 459 1227 temporum,
488 1181 690 1224 hominum,
721 1181 813 1215 loeo-

103 1239 198 1267 rum,
232 1238 352 1261 rerum
374 1231 558 1272 gestarum
580 1227 813 1270 reliquerunt.

103 1273 221 1312 Quam
249 1272 554 1318 logographorum
582 1272 678 1305 viam
707 1271 814 1305 ratio-

103 1329 257 1362 nemque
275 1318 409 1362 primus
424 1317 581 1351 deseruit
595 1316 814 1358 Hecataeus,

103 1363 165 1407 qui
183 1374 301 1396 rerum
311 1362 533 1396 Graecarum
546 1362 755 1395 memoriam
768 1363 814 1395 ab

104 1408 365 1452 antiquissimis
383 1407 605 1451 temporibus
622 1407 815 1451 repetitam

103 1457 200 1486 certo
234 1453 389 1497 quodam
414 1453 537 1486 ordine
564 1452 755 1496 descripsit
780 1456 828 1488 et.

102 1498 330 1531 considerate
385 1502 563 1541 cauteque
617 1497 813 1539 enarravit,

104 1554 185 1576 eum
202 1543 277 1576 veri
301 1543 499 1576 studiosum
522 1541 633 1575 fuisse
656 1542 713 1575 vel
730 1542 814 1576 inde

102 1592 267 1632 apparet,
287 1588 393 1631 quod,
408 1590 447 1620 ut
461 1591 586 1631 postea
595 1587 813 1627 Herodotus,

102 1633 234 1666 multas
252 1633 460 1677 peragravit
476 1636 603 1675 terras,
621 1631 815 1665 Persarum

102 1678 317 1722 provincias,
337 1677 444 1711 Ponti
458 1677 575 1719 litora,
590 1677 814 1721 Aegyptum,

103 1722 309 1762 Graeciam,
320 1722 538 1757 Oenotriam.
556 1721 738 1762 Quantum
753 1733 813 1755 au-

103 1772 177 1801 tem
207 1768 383 1802 Hecataei
411 1768 503 1801 ratio
533 1767 703 1801 historiae
733 1778 813 1800 0011-

106 1813 319 1846 scribendae
342 1813 388 1846 ab
412 1813 621 1846 Herodotea
645 1812 770 1851 distet,
796 1823 814 1845 e

103 1857 317 1903 fragmentis
339 1860 376 1892 (a
395 1856 432 1891 C.
452 1857 628 1891 Mueller-o
651 1857 687 1890 in
710 1857 778 1891 vol.
797 1857 815 1890 I

101 1903 261 1937 historic.
287 1902 417 1937 Graec.
442 1902 614 1941 collectis)
632 1902 740 1936 facile
759 1913 813 1935 co-

103 1948 229 1994 gnosci
247 1952 377 1993 potest.

173 1993 228 2027 Ac
246 1994 399 2038 primum
418 1992 563 2037 quidem
588 1995 623 2026 ct
640 1991 814 2036 pervesti-

102 2039 215 2083 gandi
229 2038 347 2072 studio
362 2042 397 2071 et
410 2038 554 2071 dicendi
568 2042 695 2071 ornatu
708 2037 815 2082 longe

101 2084 250 2118 inferior
274 2087 328 2117 est
349 2083 551 2125 Herodoto,
576 2082 708 2116 deinde
731 2084 829 2116 ver0⁴

105 2129 213 2163 etiam
237 2128 441 2163 Herodotus
470 2128 605 2172 primus
634 2128 671 2161 in
695 2138 813 2161 rerum

105 2175 317 2208 traditarum
338 2184 469 2207 nexum
491 2183 689 2217 causasque
720 2177 757 2206 et
778 2173 815 2206 in

101 2230 199 2257 eam,
230 2230 323 2263 quae
351 2219 435 2252 inde
466 2218 663 2261 enascitur,
697 2229 815 2252 rerum

103 2269 286 2309 gestarum
304 2264 494 2297 veritatem
511 2263 744 2307 ordinemque
762 2263 813 2296 in-

102 2309 282 2353 quisivitss
329 2308 410 2349 Qua
438 2309 483 2342 de
513 2319 550 2342 re
576 2313 701 2342 auctor
729 2308 815 2342 artis

104 2355 251 2388 criticae
290 2354 388 2398 apud
427 2352 587 2388 Graecos
625 2353 815 2387 habendus

102 2403 173 2440 est,
192 2409 300 2442 quem
312 2409 397 2432 vera
409 2399 553 2432 tradere
566 2398 719 2432 voluisse
734 2409 814 2432 con-

103 2445 274 2478 cedamus
307 2447 466 2488 oportet,
503 2443 542 2476 id
574 2443 670 2488 quod
707 2443 814 2477 hodie

102 2501 207 2523 nemo
224 2488 388 2534 profecto
407 2492 459 2523 est
474 2488 561 2533 quin
574 2488 716 2523 sentiat.
741 2488 814 2522 He-

103 2535 250 2568 rodotus
274 2534 410 2578 primus
436 2537 603 2568 accurate
624 2533 815 2579 distinguit

104 2589 198 2622 quae
215 2579 293 2623 ipse
311 2579 368 2612 vel
380 2579 471 2612 vidit
483 2579 540 2612 vel
555 2579 815 2623 perscrutando

102 2623 241 2657 invenit
257 2624 303 2657 ab
322 2624 374 2657 eis
391 2635 483 2667 quae
502 2624 563 2657 alii
581 2627 815 2658 narraverunt

104 2668 210 2713 eique
227 2669 453 2702 tradiderunt
469 2669 500 2710 (I
511 2669 632 2703 181.11
641 2669 715 2713 99),
734 2680 813 2702 cum

136 2770 151 2788 8
169 2770 261 2796 Verba
274 2775 339 2797 sunt
353 2772 467 2797 Baehrii
480 2772 537 2797 vol.
552 2772 591 2798 1v
605 2779 632 2803 p.
648 2772 707 2797 439.

843 329 1005 363 diversae
1025 329 1152 362 eadem
1170 329 1213 363 de
1231 340 1269 363 re
1285 330 1484 364 sententiae
1500 329 1549 364 fe-

828 399 830 408 ,
841 373 1023 415 rebantur,
1034 373 1194 418 singulas
1208 375 1404 418 prudenter
1418 375 1549 408 discer-

840 418 903 459 nit,
927 429 1049 451 veram
1067 429 1087 451 a
1104 418 1197 452 falsa
1212 419 1454 453 internoscere
1478 423 1550 452 stu-

841 463 919 505 det,
951 473 1031 496 eam
1055 473 1146 506 quae
1170 464 1330 507 proxime
1357 465 1405 498 ad
1427 475 1551 498 verum

841 507 1003 549 accedat,
1012 508 1233 551 comprobat.
1261 508 1369 542 Haud
1381 519 1462 542 raro
1475 519 1551 542 rem

840 552 1048 596 ambiguam
1065 552 1101 585 in
1118 552 1237 586 medio
1254 553 1437 597 relinquit,
1461 553 1550 587 libe-

827 606 918 631 ·rum
934 597 1121 630 iudicandi
1138 597 1326 632 arbitrium
1343 598 1549 643 legentibus

840 641 1052 685 permittens
1071 641 1117 683 (V
1133 642 1208 684 49),
1232 641 1318 676 ficta
1340 653 1424 676 vero
1443 647 1550 687 atque

840 687 978 730 inania,
1004 697 1097 729 quae
1116 698 1200 720 suae
1225 687 1426 721 sententiae
1444 689 1551 721 ratio-

839 732 947 775 nique
967 732 1146 765 contraria
1163 736 1256 774 sunt,
1275 732 1388 765 autin
1401 733 1551 766 dubium

827 780 941 820 ¹vocat
960 780 1021 810 aut
1036 777 1142 821 plane
1157 777 1548 817 reicit(1120-23.45).

840 822 945 857 Unde
955 822 1041 855 satis
1050 826 1214 866 apparet,
1223 822 1460 863 Herodotum,
1471 833 1552 856 cum

840 867 1053 901 adulescens
1086 867 1182 900 omni
1216 867 1357 901 liberali
1386 867 1553 901 doctrina

839 911 1137 955 humanitateque
1171 912 1332 945 eruditus
1361 916 1551 956 poetarum

840 956 1141 1000 perfectissimam
1159 956 1230 990 sibi
1247 962 1411 1001 parasset
1427 958 1551 1008 cogni-

839 1001 973 1035 tionem
987 1006 1094 1045 atque
1110 1001 1404 1046 philosophorum
1417 1007 1552 1046 scripta

839 1057 880 1079 ac
899 1046 1033 1090 placita
1057 1046 1316 1090 perspexisset,
1343 1046 1474 1080 deinde
1498 1058 1551 1081 re-

839 1102 917 1124 rum
940 1091 1195 1134 annaliumque
1225 1091 1416 1135 scriptores
1447 1102 1550 1125 accu-

839 1140 915 1169 rate
940 1136 1183 1180 cognovisset,
1213 1136 1312 1169 haud
1334 1136 1553 1181 imparatum

839 1192 1052 1232 aggressum
1084 1191 1160 1214 esse
1184 1181 1231 1214 ad
1254 1181 1441 1215 historiam
1470 1193 1552 1216 con—

839 1226 1079 1260 scrlbendam.
1130 1225 1235 1266 Quod
1263 1230 1390 1270 postea
1419 1227 1466 1260 ad
1493 1238 1552 1260 res

840 1271 1053 1316 diligentius
1063 1271 1342 1315 perscrutandas
1351 1282 1458 1316 quam
1472 1272 1550 1317 plu-

839 1316 947 1349 rimas
964 1316 1293 1360 remotissimasque
1316 1320 1430 1350 terras
1448 1328 1551 1362 pera-

839 1361 957 1406 gravit
981 1372 1023 1395 eo
1047 1360 1194 1395 consilio
1211 1366 1251 1395 ut
1274 1373 1345 1395 non
1366 1362 1472 1396 modo
1489 1373 1551 1396 au-

840 1406 932 1440 diret
949 1406 1006 1439 vel
1023 1406 1179 1451 legeret,
1205 1407 1268 1441 sed
1285 1407 1363 1451 ipse
1381 1407 1460 1442 loca
1477 1419 1550 1442 res-

840 1462 907 1495 que
933 1451 962 1484 si
986 1462 1056 1485 non
1079 1451 1157 1495 ipse
1181 1452 1408 1495 conspiceret
1431 1452 1552 1493 (αι’-τό-

842 1499 961 1538 πτης),
995 1500 1033 1529 at
1065 1500 1162 1530 certe
1192 1497 1238 1530 ab
1267 1497 1310 1530 iis
1340 1497 1402 1541 qui
1431 1508 1553 1532 coram

826 1541 1013 1575 'vidissent
1040 1542 1272 1585 comperiret,
1303 1542 1399 1576 viam
1428 1543 1475 1576 ad
1498 1543 1550 1576 hi-

839 1586 986 1619 storiam
1016 1586 1244 1620 scribendam
1267 1587 1453 1631 praeclare
1482 1588 1549 1621 sibi

839 1631 1031 1664 munivisse
1065 1632 1246 1675 putandus
1279 1635 1343 1665 est.
1399 1632 1552 1666 Praeter

840 1680 960 1709 cetera
973 1686 1058 1709 vero
1072 1676 1249 1710 Herodoti
1263 1676 1435 1711 historiae
1448 1678 1552 1711 iustis

839 1721 1007 1754 laudibus
1025 1721 1071 1754 ab
1090 1721 1254 1755 omnibus
1278 1722 1405 1767 peritis
1423 1734 1550 1756 ornan-

838 1770 897 1799 tur
929 1770 1139 1810 propterea,
1179 1767 1276 1811 quod
1314 1772 1428 1802 totum
1461 1779 1550 1813 opus

839 1823 948 1844 unum
973 1815 1027 1845 est
1051 1815 1085 1845 et
1109 1811 1278 1856 simplex,
1312 1813 1408 1857 quod
1431 1814 1552 1848 omnia

840 1856 982 1901 singula
999 1856 1060 1889 uni
1085 1860 1120 1890 et
1138 1857 1308 1901 primario
1332 1858 1451 1902 operis
1469 1870 1549 1892 con-

839 1901 919 1935 silio
935 1901 1145 1935 inserviunt.
1172 1902 1354 1946 Repetere
1372 1903 1431 1937 hic
1444 1904 1552 1938 liceat

839 1946 966 1989 verba,
996 1946 1127 1990 quibus
1149 1947 1221 1981 alio
1246 1948 1324 1981 loco
1347 1960 1432 1982 usus
1461 1961 1550 1993 sum,

840 2003 919 2025 cum
938 1992 1064 2025 eadem
1083 1992 1127 2025 de
1145 2003 1183 2026 re
1202 1992 1376 2026 dicerem:
1394 1995 1468 2027 Der
1481 2001 1551 2028 ent-

839 2038 1032 2070 scheidencle
1049 2038 1250 2071 Fortsclzrz'tt
1267 2050 1331 2071 von
1348 2040 1407 2072 der
1420 2041 1551 2083 Sagen-

840 2084 1023 2125 erzc'ilclunq
1041 2083 1100 2115 cler
1117 2084 1365 2127 Loyossraphen
1383 2096 1424 2117 zu
1440 2086 1551 2119 seiner

842 2128 1217 2171 Geschz'chtschreihzmq
1234 2130 1311 2172 lieffl
1329 2130 1446 2172 darin,
1471 2131 1552 2164 dass

842 2174 993 2206 Her-odor
1021 2174 1115 2206 einen
1145 2175 1404 2216 allyemeineren
1434 2187 1550 2218 yross-

840 2219 971 2261 artiyen
989 2217 1157 2261 Sloffder
1177 2220 1397 2262 Gemma-art,
1423 2222 1474 2254 die
1493 2232 1550 2264 ye-

839 2264 995 2307 waltz'qen
1018 2263 1170 2307 Kc'impfe
1198 2265 1257 2297 cler
1288 2265 1453 2298 Grieclzen
1482 2267 1553 2298 und

838 2309 1038 2349 Bar-baren,
1067 2320 1129 2341 zur
1151 2309 1420 2353 Hauptaufyabe
1441 2311 1551 2344 sez‘ner

839 2354 1066 2396 Darstelluny
1089 2355 1216 2387 machte
1239 2355 1309 2387 und
1330 2356 1383 2388 ein
1411 2367 1448 2388 80
1472 2357 1550 2397 viel-

838 2398 917 2440 ]Ροοἤ
947 2399 1165 2442 yeyliedertes
1201 2400 1318 2433 Gcmze
1351 2401 1456 2433 durch
1489 2401 1551 2434 das

839 2444 942 2477 Baml
978 2444 1070 2476 einer
1109 2445 1273 2478 lez'lenden
1308 2445 1553 2480 Gesammtz'dee

837 2490 1110 2522 zusammenhz'elt
1132 2490 1204 2522 und
1224 2501 1266 2522 zu
1289 2491 1393 2523 ez'nem
1417 2491 1551 2524 ez'nheit-

839 2535 943 2566 lichen
977 2534 1233 2568 harmom'schen
1263 2535 1469 2569 szstwerk
1494 2548 1551 2579 ye-

838 2580 979 2611 staltete.
1028 2580 1166 2612 Durum
1195 2581 1282 2613 wird
1310 2581 1463 2614 Herodot
1491 2582 1551 2613 mit

827 2624 943 2657 *Reclzt
971 2625 1024 2657 als
1048 2625 1107 2657 der
1138 2624 1239 2658 Vater
1261 2626 1320 2658 der
1346 2625 1549 2668 Gesohicffle,

827 2670 893 2702 *als
910 2670 970 2701 der
986 2668 1155 2710 Pfo‘rlner
1170 2681 1211 2702 zu
1229 2670 1292 2702 den
1317 2670 1550 2714 ehrwic'rdiyen

840 2715 986 2747 ‘Hellen
1004 2715 1064 2746 der
1081 2715 1247 2747 Historz'e’
1265 2715 1459 2757 anyesehen.

824 2737 830 2795 l
883 2757 1038 2792 Accedit
1051 2758 1215 2803 alterum,
1225 2768 1295 2802 quo
1309 2769 1366 2793 ars
1380 2759 1552 2796 historica

1072 3095 1794 3282 μᾼ
