1794 3282
497 214 814 250 ΗΡΟΔΟΤΟΥ
844 217 885 251 Β.
910 216 1057 252 23—25.
1383 207 1466 248 105

94 287 196 341 περὶ
221 288 300 327 τοῦ
322 281 515 327 ’.Ωκεανοῦ
548 284 674 335 λέξας
706 284 748 336 ἐς
775 283 937 342 ἀφανὲς
967 285 1041 328 τὸν
1072 289 1218 339 μῦθον
1251 282 1468 335 ἀνενείκας

96 350 171 396 οὐκ
185 351 270 406 ἕχει
284 351 471 407 ἔλεγχον·
501 348 550 394 οὗ
571 352 652 407 γάρ
674 371 770 397 τινα
795 353 926 410 ἔγωγε
947 351 1047 396 οἶδα
1066 350 1267 407 ποταμὸν
1278 351 1466 396 Ὠκεανὸν

95 420 239 472 ἐόντα,
263 416 442 475 Ὅμηρον
469 420 515 462 δὲ
540 418 567 476 ἤ
591 439 688 464 τινα
713 427 798 465 τῶν
825 422 1039 479 πρότερον
1074 420 1310 477 γενομένων
1335 438 1466 477 ποιη-

93 487 201 531 τέων
239 488 373 530 δοκέω
405 486 455 531 τὸ
490 485 652 543 οὕνομα
684 487 864 544 εὑρόντα
902 489 944 541 ές
980 488 1054 546 τὴν
1093 492 1271 544 ποίησιν
1309 487 1467 532 ἐσενεί-

93 559 276 598 κασθαι.

179 623 236 665 Εἰ
263 623 307 666 δὲ
334 624 402 666 δεῖ
423 624 709 679 μεμψάμενον
733 624 906 680 γνώμας
926 623 1002 674 τὰς
1021 622 1308 681 προκειμένας
1335 621 1464 666 αὐτὸν

94 692 193 746 περὶ
226 695 311 733 τῶν
343 689 546 748 ἀφανέων
576 692 747 747 γνώμην
780 689 1109 744 ἀποδέξασθαι,
1150 692 1309 749 φράσω
1349 691 1463 734 διότι

93 774 170 811 μοι
196 757 334 801 δοκέει
360 759 653 813 πληθύεσθαι
678 757 700 801 ὃ
728 761 885 809 Νεῖλος
911 764 984 802 τοῦ
1012 760 1180 815 θέρεος.
1218 758 1294 815 τὴν
1317 775 1462 812 χειμε-

93 824 208 882 ρινὴν
229 822 340 882 ῶρην
363 823 713 878 ἀπελαυνόμενος
732 823 755 868 ὃ
777 823 898 881 ἥλιος
921 826 1054 882 ἕκτης
1069 825 1248 881 ἀρχαίης
1264 827 1460 877 διεξόδου

92 890 181 935 ὑπὸ
207 896 293 934 τῶν
316 893 541 946 χειμώνων
568 892 736 947 ἔρχεται
766 897 843 948 τῆς
868 894 1035 950 Λιβύης
1065 892 1119 935 τὰ
1151 890 1252 935 ἄνω.
1303 891 1362 943 ῶς
1385 896 1462 946 μέν

90 977 161 1001 νυν
187 958 229 1002 ἓν
256 958 466 1016 ἐλαχίστῳ
496 961 703 1016 δηλῶσαι,
732 965 820 1002 πᾶν
847 961 1034 1016 εἴρηται·
1059 965 1134 1017 τῆς
1158 959 1239 1017 γὰρ
1261 958 1311 1002 ἂν
1334 958 1461 1015 ἀγχο-

89 1027 206 1069 τάτω
232 1020 259 1083 ᾗ
282 1028 426 1084 χώρης
453 1021 578 1079 οὗτος
604 1026 627 1071 ὁ
649 1026 757 1079 θεὸς
777 1030 848 1071 καὶ
873 1027 961 1071 κατ’
981 1026 1138 1085 ἥντινα,
1166 1029 1324 1084 ταύτην
1346 1027 1462 1078 οἰκὸς

91 1094 226 1149 διψᾶν
245 1112 292 1138 τε
314 1092 484 1138 ὑδάτων
504 1096 697 1150 μάλιστα
716 1097 788 1138 καὶ
807 1094 862 1138 τὰ
883 1095 1069 1152 ἐγχώρια
1089 1096 1283 1151 ῥεύματα
1301 1100 1461 1151 μαραί-

87 1166 247 1205 νεσθαι
277 1166 363 1205 τῶν
394 1168 619 1218 ποταμῶν.
677 1162 736 1215 ῶς
768 1164 814 1206 δὲ
847 1163 888 1206 ἐν
919 1166 1069 1206 πλέονι
1101 1164 1215 1220 λόγῳ
1250 1165 1456 1220 δηλῶσαι,

90 1223 174 1272 ὦδε
201 1229 299 1283 ἔχει.
339 1230 510 1283 διεξιών
528 1236 604 1288 τῆς
623 1232 791 1287 Λιβύης
810 1230 864 1274 τὰ
886 1229 973 1274 ἄνω
995 1229 1017 1275 ὁ
1041 1229 1160 1288 ἥλιος
1178 1232 1282 1274 τάδε
1301 1235 1458 1275 ποιέει.

89 1295 164 1340 ἅτε
190 1297 264 1340 διὰ
289 1298 453 1350 παντὸς
477 1304 554 1342 τοῦ
583 1300 741 1358 χρόνου
770 1299 951 1355 αἰθρίου
984 1316 1031 1342 τε
1057 1299 1203 1350 ἐόντος
1227 1304 1302 1342 τοῦ
1335 1297 1460 1355 ἠέρος

86 1370 161 1408 τοῦ
187 1364 297 1408 κατὰ
319 1370 456 1409 ταῦτα
481 1366 535 1409 τὰ
557 1372 697 1424 χωρία
721 1370 793 1410 καὶ
820 1367 1012 1424 ἀλεεινῆς
1036 1372 1110 1423 τῆς
1127 1368 1270 1423 χώρης
1291 1367 1457 1423 ἐούσης,

89 1431 164 1475 οὐκ
190 1433 346 1477 ἐόντων
372 1433 539 1489 ἀνέμων
566 1440 756 1492 ψυχρῶν,
792 1434 963 1488 διεξιών
989 1435 1133 1478 ποιέει
1161 1434 1254 1478 οἷόν
1279 1452 1362 1490 περ
1388 1436 1460 1476 καὶ

87 1500 136 1543 τὸ
163 1500 298 1557 θέρος
324 1501 440 1545 ἔωθε
465 1503 632 1546 ποιέειν
660 1503 736 1546 ἰῶν
761 1502 810 1546 τὸ
837 1507 969 1557 μέσον
1000 1507 1077 1545 τοῦ
1110 1501 1314 1559 οὐρανοῦ·
1348 1502 1458 1544 ἕλκει

87 1567 167 1624 γὰρ
195 1567 260 1612 ἐπ’
279 1568 440 1613 ἑωυτὸν
464 1569 514 1613 τὸ
544 1568 678 1628 ὕδωρ,
714 1571 895 1621 ἑλκύσας
922 1571 973 1613 δὲ·
993 1568 1196 1612 ἀπωθέει
1222 1569 1265 1621 ἐς
1289 1569 1343 1612 τὰ
1368 1569 1456 1612 ἄνω

83 1640 242 1693 χωρία,
282 1635 665 1692 ὑπολαμβάνοντες
697 1639 743 1681 δὲ
775 1639 817 1682 οἱ
849 1636 1001 1691 ἄνεμοι
1032 1640 1104 1680 καὶ
1137 1637 1458 1688 διασκιδνάντες

87 1705 284 1760 τήκουσι·
310 1707 381 1748 καὶ
408 1706 492 1748 εἶσὶ
519 1704 702 1757 οἰκότως
729 1707 770 1750 οἱ
796 1704 886 1749 ἀπὸ
912 1706 1072 1761 ταύτης
1097 1710 1172 1761 τῆς
1190 1705 1332 1762 χώρης
1355 1705 1458 1748 πνέ-

89 1788 218 1823 οντες,
246 1769 272 1815 ὅ
296 1789 342 1815 τε
367 1774 491 1824 νότος
517 1776 588 1816 καὶ
615 1773 637 1817 ὁ
664 1776 759 1829 λίψ,
789 1771 957 1828 ἀνέμων
982 1772 1146 1816 πολλὸν
1171 1777 1256 1816 τῶν
1281 1773 1457 1815 πάντων

92 1837 368 1882 ὖετιώτατοι.
405 1842 544 1884 δοκέει
571 1842 618 1885 δέ·
641 1859 719 1896 μοι
745 1840 845 1884 οὐδὲ
870 1846 958 1884 πᾶν
983 1840 1032 1884 τὸ
1060 1838 1176 1898 ὕδωρ
1202 1840 1252 1883 τὸ
1280 1839 1456 1883 έπέτεον

88 1906 291 1950 ἑκάστοτε
323 1906 681 1963 ἀποπέμπεσθαι
711 1914 787 1952 τοῦ
820 1911 979 1952 Νείλου
1007 1906 1029 1951 ὃ
1063 1906 1202 1964 ἥλιος,
1243 1906 1353 1951 ἀλλὰ
1383 1911 1456 1950 καὶ

86 1973 416 2019 ὑπολείπεσθαι
435 1979 535 2032 περὶ
557 1976 732 2020 ἑωυτόν.
771 1980 1067 2034 πρηϋνομένου
1091 1977 1136 2019 δὲ
1156 1980 1231 2018 τοῦ
1242 1981 1456 2030 χειμῶνος

88 2041 324 2100 ἀπέρχεται
355 2042 378 2087 ὁ
406 2042 526 2101 ἥλιος
553 2045 595 2096 ἒς
619 2049 751 2099 μέσον
782 2044 857 2088 τὸν
889 2042 1070 2102 οὗρανὸν
1096 2043 1262 2096 ὀπίσω,
1303 2046 1372 2086 καὶ
1405 2043 1455 2087 τὸ

89 2109 287 2154 ἐνθεῦτεν
318 2109 397 2168 ἤδη
430 2111 595 2167 ὁμοίως
631 2111 722 2157 ἀπὸ
761 2114 936 2156 πάντων
974 2113 1084 2156 ἕλκει
1114 2117 1199 2155 τῶν
1231 2117 1453 2167 ποταμῶν.

87 2181 195 2229 τέως
227 2180 273 2222 δὲ
305 2180 347 2222 οἱ
377 2181 453 2234 μὲν
486 2178 670 2238 ὀμβρίου
702 2178 862 2232 ὕδατος
900 2184 1249 2236 συμμισγομένου
1289 2183 1456 2224 πολλοῦ

91 2243 280 2299 αὐτοῖσι,
315 2244 390 2290 ἅτε
415 2246 595 2305 ὑομένης
619 2266 665 2292 τε
689 2253 765 2305 τῆς
786 2250 929 2305 χώρης
960 2251 1032 2291 καὶ
1062 2249 1453 2304 κεχαραδρωμένης,

91 2312 238 2369 ῥέουσι
268 2316 467 2370 μεγάλοι·
504 2321 581 2359 τοῦ
615 2317 661 2359 δὲ
691 2317 849 2373 θέρεος
879 2321 965 2359 τῶν
1001 2333 1048 2359 τε
1085 2315 1259 2371 ὄμβριον
1291 2315 1456 2357 ἐπιλει-

91 2382 262 2425 πόντων
294 2381 451 2434 αὗτοὺς
481 2385 552 2425 καὶ
592 2382 676 2427 ὑπὸ
715 2389 792 2426 τοῦ
829 2382 951 2439 ἡλίου
990 2383 1211 2437 ἑλκόμενοι
1248 2381 1456 2433 ἀσθενέες

92 2450 190 2493 εἶσί.
245 2449 268 2493 ὁ
297 2451 343 2493 δὲ
367 2452 524 2501 Νεῖλος
551 2450 630 2493 ἐῶν
657 2449 889 2505 ἄνομβρος,
923 2450 1148 2504 ἑλκόμενος
1181 2450 1228 2492 δὲ
1258 2447 1344 2492 ὑπὸ
1378 2453 1455 2491 τοῦ

90 2516 226 2573 ἡλίου,
253 2523 412 2572 μοῦνος
437 2523 648 2572 ποταμῶν
672 2523 824 2561 τοῦτον
849 2518 922 2561 τὸν
945 2519 1098 2572 χρόνον
1118 2517 1299 2567 οἰκότως
1325 2514 1457 2568 αὗτός

92 2586 254 2630 ἑωυτοῦ
281 2586 368 2644 ῥέει
394 2588 543 2643 πολλῷ
570 2584 884 2642 ὑποδεέστερος
912 2584 935 2642 ἢ
960 2590 1036 2628 τοῦ
1063 2589 1237 2642 θέρεος
1263 2585 1362 2627 τότε
1380 2586 1456 2639 μὲν

91 2655 171 2713 γὰρ
197 2654 306 2709 μετὰ
331 2655 505 2698 πάντων
530 2659 615 2697 τῶν
643 2652 810 2696 ὑδάτων
843 2655 936 2697 ἴσον
969 2654 1152 2705 ἕλκεται,
1191 2651 1265 2695 τὸν
1299 2653 1344 2695 δὲ
1368 2669 1457 2706 χει-

90 2728 214 2777 μῶνα
238 2728 396 2779 μοῦνος
421 2724 630 2776 πιέζεται.
682 2719 794 2765 οὕτω
821 2721 895 2766 τὸν
920 2718 1041 2781 ἥλιον
1067 2721 1268 2776 νενόμικα
1292 2721 1456 2764 τούτων

1488 636 1521 660 24

1484 1176 1517 1201 25
