1794 3282
474 269 787 305 ΗΡΟΔΟΤΟΥ
816 270 855 304 Γ.
882 270 959 304 127.
987 270 1063 305 128.
1369 258 1449 300 231

88 335 270 394 στρατὸν
302 334 368 379 ἐπ’
387 334 517 381 αὐτὸν
549 335 624 380 οὖν.
650 337 793 382 ἐδόκεε
825 342 1015 392 πέμπειν
1048 335 1123 381 ἅτε
1156 337 1197 380 οἱ
1229 336 1456 380 οἰδεόντων

87 404 151 448 ἔτι
174 409 259 448 τῶν
284 406 563 462 πρηγμάτων,
598 408 670 448 καὶ
695 408 850 449 νεωστὶ
881 405 985 459 ἔχων
1011 405 1084 462 τὴν
1112 404 1253 461 ἀρχήν,
1287 406 1358 447 καὶ
1383 403 1456 448 τὸν

81 470 267 529 Ὀροίτην
291 473 478 528 μεγάλην
498 472 573 529 τὴν
595 472 712 526 ἰσχὺν
732 474 1063 528 πυνθανόμενος
1085 472 1204 526 ἔχειν,
1233 472 1307 516 τὸν
1323 475 1458 526 χίλιοι

85 540 163 594 μὲν
190 544 389 594 Περσέων
416 539 719 597 ἐδορυφόρεον,
754 539 837 594 εἶχε
865 542 911 584 δὲ
937 541 1068 595 νομὸν
1099 542 1174 584 τόν
1199 557 1244 583 τε
1274 541 1456 597 Φρύγιον

89 609 161 650 καὶ
190 608 354 651 Λύδιον
385 610 456 651 καὶ
483 605 679 651 Ἰωνικόν.
741 608 852 663 πρὸς
883 613 1019 652 ταῦτα
1051 607 1101 665 δὴ
1134 602 1191 650 ὦν
1224 607 1245 651 ὁ
1274 616 1458 664 Δαρεῖος

89 675 195 718 τάδε
227 674 538 733 ἐμηχανήσατο.
601 677 865 732 συγκαλέσας
895 680 1096 733 Περσέων
1132 675 1234 727 τοὺς
1272 677 1460 730 δοκιμω-

90 743 248 794 τάτους
280 743 396 799 ἔλεγέ
427 759 509 800 σφι
538 743 655 785 τάδε.
706 737 773 785 “ὦ
809 743 988 801 Πέρσαι,
1027 747 1092 795 τίς
1130 741 1180 786 ἄν
1217 760 1293 797 μοι
1328 747 1458 786 τοῦτο

91 808 235 864 ὑμέων
271 809 468 862 ὑποστὰς
505 809 768 853 ἐπιτελέσειε
811 815 944 868 σοφίῃ
988 814 1059 854 καὶ
1093 810 1151 868 μὴ
1188 815 1261 867 βίῃ
1304 827 1351 854 τε
1388 812 1459 853 καὶ

93 875 254 934 ὃμίλῳς
293 877 402 921 ἔνθα
427 877 506 934 γὰρ
534 881 692 934 σοφίης
718 878 801 928 δεῖ,
840 882 938 935 βίης
970 878 1091 935 ἔργον
1123 877 1259 921 οὐδέν.
1316 876 1458 932 ὑμέων

93 944 144 1002 δὴ
177 939 235 987 ὦν
266 949 332 996 τίς
363 943 414 987 ἄν
443 961 521 999 μοι
542 943 725 1001 Ὀροίτην
755 943 781 1001 ἢ
814 945 978 997 ζώοντα
1010 944 1166 1001 ἀγάγοι
1196 944 1222 1001 ἢ
1255 943 1459 988 ἀποκτεί-

89 1029 198 1066 νειε,·
230 1011 278 1063 ὃς
304 1011 504 1069 ὠφέλησε
528 1015 604 1066 μέν
630 1029 689 1053 κω
717 1016 888 1068 Πέρσας
915 1011 1049 1065 οὐδέν,
1083 1012 1190 1055 κακὰ
1224 1013 1270 1056 δὲ
1294 1013 1459 1068 μεγάλα

91 1080 224 1136 ἔοργε.
261 1083 390 1122 τοῦτο
414 1080 491 1134 μὲν
519 1079 594 1121 δύο
620 1077 763 1135 ἡμέων
788 1077 990 1135 ἠίστωσε,
1019 1081 1299 1137 Μιτροβάτην
1324 1096 1370 1122 τε
1389 1082 1460 1122 καὶ

88 1146 163 1190 τὸν
187 1147 329 1189 παῖδα
353 1144 508 1198 αὐτοῦ,
542 1151 671 1189 τοῦτο
699 1147 745 1189 δὲ
769 1146 870 1198 τοὺς
895 1146 1207 1198 ἀνακαλέοντας
1233 1146 1362 1190 αὐτὸν
1388 1150 1459 1190 καὶ

89 1218 399 1269 πεμπομένους
423 1212 496 1257 ὑπ’
514 1213 614 1269 ἐμεῦ
641 1219 811 1267 κτείνει,
845 1212 968 1270 ἱῖβριν
996 1213 1070 1258 οὖν.
1096 1214 1328 1268 ἀνάσχετον
1355 1220 1459 1272 φαί-

88 1299 185 1326 νων.
235 1286 338 1339 πρίν
362 1300 405 1325 τι
432 1276 490 1324 ὦν
515 1283 640 1337 μέζον
668 1283 993 1338 ἐξεργάσασθαί
1022 1301 1094 1338 μιν
1120 1287 1291 1340 Πέρσας
1316 1283 1456 1334 κακόν,

88 1349 422 1404 καταλαμπτέος
455 1349 546 1393 ἐστὶ
577 1348 677 1406 ἡμῖν
709 1349 929 1407 θανάτῳ.”
993 1359 1177 1406 Δαρεῖος
1207 1352 1283 1405 μὲν
1320 1355 1458 1393 ταῦτα

90 1417 321 1474 ἐπειρώτα,
349 1422 410 1473 τῷ
439 1418 483 1460 δὲ
505 1415 654 1472 ἄνδρες
668 1419 901 1474 ’τριήκοντα
920 1417 1180 1475 ὑπέστησαν,
1210 1417 1340 1470 αὐτὸς
1362 1418 1458 1461 ἕκα-

90 1501 192 1536 στος
218 1484 383 1527 ἐθέλων
409 1488 575 1527 ποιέειν
600 1490 750 1528 ταῦτα.
814 1485 1031 1542 ἐρίζοντας
1058 1487 1103 1529 δὲ
1129 1494 1312 1543 Δαρεῖος
1337 1503 1456 1529 κατε-

89 1553 282 1607 λάμβανε
307 1553 489 1595 κελεύων
515 1553 788 1596 πάλλεσθαι·
816 1556 1097 1607 παλλομένων
1125 1555 1170 1596 δὲ
1190 1555 1389 1609 λαγχάνει
1416 1553 1459 1596 ἐκ

90 1621 266 1663 πάντων
284 1627 477 1675 Βαγαῖος
504 1617 525 1662 ὁ
544 1618 786 1676 4ἶίρτόντεω.
827 1620 968 1674 λαχὼν
995 1622 1041 1664 δὲ
1061 1620 1082 1664 ὁ
1104 1628 1296 1677 Βαγαῖος
1316 1626 1460 1665 ποιέει

89 1689 253 1731 τοιάδε.
301 1689 452 1743 βιβλία
476 1688 758 1744 γραψάμενος
785 1688 927 1731 πολλὰ
953 1691 1023 1731 καὶ
1050 1691 1151 1745 περὶ
1177 1692 1356 1732 πολλῶν
1382 1691 1462 1732 λέ-

90 1773 244 1812 γοντα
275 1756 541 1813 πρηγμάτων
574 1757 792 1812 σφρηγῖδά
826 1773 906 1813 σφι
939 1755 1123 1810 ἐπέβαλε
1154 1755 1227 1813 τὴν
1259 1761 1457 1813 Δαρείου,

91 1823 201 1878 μετὰ
228 1825 273 1866 δὲ
303 1821 371 1879 ἤιε
403 1823 508 1877 ἔχων
539 1828 676 1866 ταῦτα
710 1824 751 1875 ἐς
781 1823 859 1875 τὰς
884 1824 1057 1879 Σάρδις.
1121 1822 1384 1878 ἀπικόμενος
1416 1826 1461 1867 δὲ

92 1894 163 1934 καὶ
179 1889 370 1948 Ὀροίτεω
399 1890 440 1941 ές
467 1888 573 1946 ὄψιν
600 1890 743 1933 ἐλθών
768 1896 854 1934 τιῦν
873 1893 1055 1946 βιβλίων
1076 1893 1117 1934 ἓν
1139 1891 1316 1935 ἕκαστον
1336 1909 1462 1948 περι-

94 1960 345 2014 αιρεόμενος
376 1957 520 2001 ἐδίδου
554 1963 615 2015 τῷ
645 1964 948 2016 γραμματιστῇ
978 1963 1038 2015 τῷ
1069 1961 1284 2016 βασιληίῳ
1319 1959 1463 2003 ἐπιλέ-

93 2031 275 2083 γεσθαι·
307 2025 637 2082 γραμματιστὰς
664 2027 709 2069 δὲ
733 2028 989 2082 βασιληίους
1015 2026 1056 2069 οἱ
1086 2028 1246 2078 πάντες
1273 2024 1462 2085 ὕπαρχοι

95 2094 253 2148 ἔχουσι.
315 2093 690 2150 ἀποπειρεόμενος
728 2095 773 2136 δὲ
809 2098 894 2137 τιῦν
932 2095 1189 2151 δορυφόρων
1227 2094 1371 2137 ἐδίδου
1409 2095 1463 2138 τὰ

93 2163 244 2217 βιβλία
259 2160 281 2205 ὃ
296 2169 500 2217 Βαγαῖος,
523 2162 617 2205 εἰὀῖ
632 2161 878 2214 ἐνδεξαίατο
901 2160 1147 2205 ἀπόστασιν
1163 2160 1236 2205 ἀπ’
1256 2161 1461 2220 Ὀροίτεω.

97 2227 231 2286 ὁρέων
258 2230 304 2272 δέ
330 2245 468 2286 σφεας
492 2230 546 2272 τά
571 2247 617 2272 τε
641 2232 790 2285 βιβλία
817 2233 1074 2284 σεβομένους
1097 2231 1295 2285 μεγάλως
1315 2232 1385 2272 καὶ
1410 2229 1464 2272 τὰ

96 2297 304 2352 λεγόμενα
337 2297 380 2339 ἐκ
404 2301 489 2339 τῶν
519 2299 699 2351 βιβλίων
725 2297 788 2340 ἔτι
813 2297 1019 2351 μεζόνως,
1056 2298 1175 2340 διδοῖ
1203 2296 1308 2340 ἄλλο
1336 2297 1376 2340 ἒν
1402 2302 1462 2353 τῷ

98 2364 192 2420 ἐνῆν
218 2363 327 2407 ἔπεα
350 2364 514 2406 τοιάδε.
560 2358 627 2406 “cg
648 2368 826 2421 Πέρσαι,
853 2364 1058 2418 βασιλεὺς
1084 2372 1268 2421 Δαρεῖος
1295 2363 1463 2421 ἀπαγο-

97 2432 214 2487 ρεύει
243 2429 344 2485 ὑμῖν
374 2430 432 2486 μὴ
465 2432 746 2488 δορυφορέειν
774 2430 996 2488 Ὀροίτην.”
1055 2431 1097 2474 οἶ
1128 2433 1173 2474 δὲ
1205 2430 1465 2485 ἀκούσαντες

97 2499 262 2542 τούτων
286 2499 470 2555 μετῆκάν
503 2498 544 2541 οἱ
573 2497 652 2549 τὰς
683 2499 853 2552 αἰχμάς.
917 2499 1020 2542 ἰδὼν
1052 2500 1098 2542 δὲ
1127 2499 1290 2556 [τοῦτο]
1326 2505 1464 2557 σφέας

98 2564 123 2610 ὃ
144 2573 336 2622 Βαγαῖος
355 2565 649 2619 πειθομένους
667 2570 727 2622 τῷ
752 2568 922 2623 βιβλίῳ,
953 2566 1142 2610 ἐνθαῦτα
1163 2566 1211 2623 δὴ
1233 2566 1465 2624 θαρσήσας

98 2633 148 2678 τὸ
174 2636 420 2677 τελευταῖον
445 2637 530 2676 τῶν
554 2635 734 2687 βιβλίων
762 2634 880 2677 διδοῖ
902 2639 962 2690 τῷ
987 2639 1307 2692 γραμματιστῇ,
1337 2635 1378 2678 ἒν
1403 2640 1465 2692 τῷ

99 2701 338 2757 ἐγέγραπτο
368 2700 603 2755 αβασιλεῖς
629 2708 815 2757 Δαρεῖος
840 2705 1032 2758 Πέρσῃσι
1064 2711 1180 2746 τοῖσι
1212 2701 1254 2745 ἒν
1278 2703 1464 2760 Σάρδισι

102 2771 339 2815 ἐντέλλεται
357 2774 534 2813 κτείνειν
549 2767 770 2826 Ὀροίτην.”
811 2769 853 2812 οἱ
873 2770 919 2813 δὲ
940 2770 1179 2827 δορυφόροι
1201 2768 1259 2822 (ὃς
1279 2768 1464 2827 ἤκουσαν

1484 1363 1533 1388 128
