1794 3282
233 1155 281 1180 110

234 1693 281 1718 111

301 261 386 303 224
686 265 996 301 ΗΡΟΔΟΤΟΥ
1025 267 1064 300 Γ.
1091 267 1280 301 109-111..

303 338 575 392 θορνύωνται
604 335 713 376 κατὰ
745 335 892 389 ζεύγεα
922 336 993 376 καὶ
1026 334 1067 376 ἐν
1100 333 1206 391 αὐτῇ
1237 336 1261 390 ᾐ
1295 332 1317 377 ὅ
1350 334 1472 391 ἔρσην
1510 339 1559 391 τῇ
1592 333 1659 377 έκ-

302 404 467 459 ποιήσι,
497 400 730 455 ἀπιεμένου
758 399 890 443 αὐτοῦ
915 400 989 458 τὴν
1014 400 1137 457 γονὴν
1162 399 1186 457 ἡ
1214 402 1354 457 θήλεα
1381 400 1564 446 ἅπτεται
1583 406 1658 457 τῆς

302 472 462 527 δειρῆς,
497 470 567 511 καὶ
599 468 773 525 ἐμφῦσα
805 466 879 511 οὐκ
911 466 1021 511 ἀνίει
1052 470 1154 524 πρὶν
1187 465 1237 510 ἂν
1264 469 1467 526 διαφάγῃ.
1530 467 1551 511 ὃ
1583 469 1657 522 μὲν

303 536 354 591 δὴ
386 535 509 593 ἔρσην
541 534 814 592 ἀποθνήσκει
844 535 995 592 τρόπῳ
1029 540 1089 591 τῷ
1122 535 1346 591 εἰρημένῳ,
1385 534 1409 591 ἡ
1443 536 1488 578 δὲ
1519 537 1659 592 θήλεα

300 607 413 646 τίσιν
443 603 613 660 τοιήνδε
647 601 845 645 ἀποτίνει
876 607 936 659 τῷ
970 602 1128 657 ἔρσενι·
1165 607 1225 658 τῷ
1256 606 1372 658 γονέϊ
1394 607 1659 659 τιμωρέοντα

303 670 367 713 ἔτι
404 670 445 713 ἓν
483 674 531 727 τῇ
567 672 719 726 γαστρὶ
758 669 883 712 ἐόντα
918 668 972 712 τὰ
1003 673 1126 712 τέκνα
1158 670 1348 712 διεσθιέι
1377 668 1451 726 τὴν
1481 673 1656 726 μητέρα,

303 738 575 794 διαφαγόντα
600 738 645 779 δὲ
670 736 742 793 τὴν
767 736 892 793 νηδὺν
918 735 1048 793 αὐτῆς
1080 734 1190 780 οὕτω
1216 736 1290 793 τὴν
1316 736 1483 779 ἔκδυσιν
1515 736 1659 779 ποιέε-

302 822 387 848 ται.
445 806 487 847 oi
519 806 563 847 δὲ
590 803 713 847 ἄλλοι
739 803 864 861 ὄφιες
897 804 1034 856 ἐόντες
1066 803 1315 861 ἀνθρώπιον
1348 802 1395 846 οὗ
1429 803 1660 860 δηλήμονες

303 876 496 915 τίκτουσί
524 889 570 915 τε
596 870 660 928 ᾠὰ
691 873 763 914 καὶ
794 870 1022 914 ἐκλέπουσι
1052 871 1213 914 πολλόν
1243 888 1285 914 τι
1313 875 1455 928 χρῆμα
1484 875 1568 913 τῶν
1593 875 1660 913 τέ-

303 957 424 983 κνων.
480 940 526 982 αἱ
555 940 630 994 μὲν
663 939 714 995 δή
746 956 817 982 νυν
850 939 1011 992 ἔχιδναι
1041 938 1149 982 κατὰ
1181 943 1327 981 πᾶσαν
1357 937 1431 994 τὴν
1462 942 1535 994 γῆν
1562 937 1658 990 εἶσί,

306 1007 347 1049 οἱ
374 1008 438 1059 δέ,
473 1005 719 1064 ὑπόπτεροι
744 1005 901 1058 ἐόντες,
936 1005 1101 1062 ἀθρόοι
1132 1005 1218 1049 εἰσὶ
1249 1005 1289 1048 ἒν
1319 1009 1370 1061 τῇ
1392 1003 1563 1061 ,Ἀραβίῃ
1589 1006 1660 1046 καὶ

306 1072 472 1132 οὖδαμῇ
499 1073 623 1131 ἄλλῃ·
649 1073 759 1116 κατὰ
782 1078 912 1116 τοῦτο
939 1075 1138 1116 δοκέουσι
1163 1074 1319 1115 πολλοὶ
1344 1070 1466 1115 εἶναι.

394 1141 472 1184 Τὸν
496 1142 571 1195 μὲν
597 1140 646 1197 δὴ
674 1139 909 1195 λιβανωτὸν
934 1145 1086 1183 τοῦτον
1108 1137 1220 1183 οὕτω
1247 1143 1439 1182 κτέονται
1455 1137 1657 1195 Ἀράβιοι,

304 1208 377 1267 τὴν
398 1210 443 1252 δὲ
461 1213 610 1265 κασίην
637 1202 732 1251 ὦδε.
777 1207 908 1250 ἐπεὰν
928 1208 1254 1263 καταδήσωνται
1272 1207 1455 1263 βύρσῃσι
1474 1209 1545 1248 καὶ
1566 1207 1661 1261 δέρ-

303 1292 412 1331 μασι
432 1273 603 1319 ὄὶλλοισι
621 1280 709 1319 πᾶν
733 1274 781 1318 τὸ
809 1279 935 1329 σῶμα
960 1277 1031 1317 καὶ
1049 1274 1098 1317 τὸ
1120 1274 1360 1331 πρόσωπον
1386 1273 1495 1329 πλὴν
1521 1271 1660 1315 αὖτιῦν

303 1347 388 1386 τῶν
414 1340 672 1400 ὀφθαλμῶν,
712 1342 905 1398 ἔρχονται
936 1341 1010 1384 ἐπὶ
1034 1341 1107 1397 τὴν
1131 1345 1302 1397 κασίην·
1340 1339 1365 1396 ἡ
1398 1341 1443 1383 δὲ
1470 1340 1510 1383 ἐν
1536 1343 1660 1398 λίμνῃ

306 1411 464 1468 φύεται
495 1408 544 1452 οὗ
574 1412 738 1465 βαθέῃ,
778 1410 880 1464 περὶ
906 1409 951 1450 δὲ
977 1406 1105 1463 αὐτὴν
1137 1410 1206 1450 καὶ
1239 1407 1280 1450 ἐν
1307 1406 1413 1464 αὐτῇ
1447 1406 1664 1458 αὐλίζεταί

305 1495 380 1520 κου
408 1480 545 1533 θηρία
569 1476 791 1532 πτερωτά,
829 1479 929 1531 τῇσι
953 1479 1166 1531 νυκτερίσι
1197 1476 1434 1531 προσίκελα
1457 1475 1659 1528 μάλιστα,

303 1547 376 1586 καὶ
399 1548 563 1599 τέτριγε
590 1543 740 1594 δεινόν,
772 1544 841 1584 καὶ
869 1542 911 1593 ἐς
937 1540 1064 1598 ἀλκὴν
1091 1541 1267 1596 ἄλκιμα·
1304 1541 1358 1584 τὰ
1392 1543 1458 1584 δεῖ
1487 1539 1664 1595 ἀπαμυ-

303 1615 506 1666 νομένους
531 1609 621 1653 ἀπὸ
647 1614 732 1653 τιῦν
765 1607 1013 1666 ὀφθαλμῶν
1047 1606 1157 1651 οὕτω
1191 1610 1363 1663 δρέπειν
1393 1607 1467 1665 τὴν
1497 1614 1661 1664 κασίην.

304 1678 353 1722 τὸ
387 1679 433 1721 δὲ
464 1676 514 1734 δὴ
547 1678 818 1731 κιννάμωμον
850 1676 913 1719 ἔτι
942 1677 1106 1719 τούτων
1137 1677 1478 1731 θωμαστότερον
1516 1678 1664 1718 συλλέ-

304 1761 443 1802 γουσι.
489 1742 588 1788 ὅκου
616 1744 690 1799 μὲν
714 1743 794 1800 γὰρ
818 1747 981 1799 γίνεται
1005 1746 1076 1786 καὶ
1101 1741 1194 1801 ἥτις
1217 1762 1291 1797 μιν
1315 1748 1365 1799 γῆ
1392 1742 1415 1798 ἡ
1442 1741 1662 1798 τρέφουσά

300 1816 405 1867 ἐστι,
429 1817 504 1859 οῦκ
525 1818 669 1870 ἔχουσι
692 1820 841 1870 εἰπεῖν,
864 1822 975 1874 πλὴν
996 1815 1064 1861 ὅτι
1085 1819 1197 1875 λόγῳ
1221 1819 1307 1862 οὐκ
1328 1819 1466 1862 οἰκότι
1484 1821 1616 1875 χρεόμ
1626 1836 1667 1861 ε-

298 1900 366 1925 νοι
386 1883 428 1927 ἓν
446 1886 613 1927 τοισίδε
630 1891 833 1941 χωρίοισί
853 1890 966 1942 φασί
984 1904 1095 1937 τινες
1116 1885 1219 1929 αὐτὸ
1243 1888 1439 1944 φύεσθαι
1456 1887 1497 1929 ἕν
1510 1895 1626 1929 τοῖσι
1645 1884 1666 1929 ὃ

301 1952 512 2002 Διόνυσος
543 1952 729 2011 ἐτράφη·
767 1953 951 2013 ὄρνιθας
984 1958 1029 2001 δὲ
1059 1961 1232 2015 λέγουσι
1265 1962 1453 2017 μεγάλας
1485 1966 1657 2019 φορέειν

299 2023 435 2061 ταῦτα
458 2018 513 2061 τὰ
537 2018 706 2076 κάρφεα
735 2021 789 2064 τὰ
814 2021 937 2078 ἡμεῖς
969 2022 1057 2067 ἀπὸ
1088 2030 1293 2069 Φοινίκων
1322 2029 1540 2081 μαθόντες
1571 2047 1657 2072 κιν-

299 2086 503 2139 νάμωμον
528 2088 745 2140 καλέομεν,
780 2089 953 2145 φορέειν
986 2092 1031 2133 δὲ
1061 2091 1138 2143 τὰς
1170 2090 1353 2149 ὄρνιθας
1385 2094 1426 2145 ἒς
1458 2096 1657 2148 νεοσσιὰς

298 2155 724 2208 προσπεπλασμένας
757 2155 800 2197 ἐκ
831 2159 970 2214 πηλοῦ
1002 2158 1114 2215 πρὸς
1145 2158 1463 2218 ἀποκρήμνοισι
1495 2162 1651 2220 οἰῗρεσι,

298 2219 408 2261 ἔνθα
438 2221 683 2276 πρόσβασιν
715 2220 940 2279 ἀνθρώπῳ
974 2224 1176 2280 οὐδεμίαν
1202 2226 1322 2271 εἶναι.
1377 2229 1488 2287 πρὸς
1520 2225 1577 2274 ὦν
1604 2231 1653 2288 δι’]

296 2291 433 2329 ταῦτα
456 2287 558 2338 τοὺς
573 2285 794 2345 Ἀραβίους
819 2293 1087 2348 σοφίζεσθαι
1111 2295 1234 2337 τάδε·
1258 2300 1373 2350 βοιῦν
1392 2314 1437 2340 τε
1456 2300 1525 2340 καὶ
1547 2296 1654 2341 ὄνων

295 2359 380 2396 τῶν
412 2352 733 2410 ἀπογινομένων
762 2360 834 2400 καὶ
863 2363 948 2402 τιῦν
979 2358 1118 2403 ἄλλων
1155 2360 1397 2420 ὑποζυγίων
1432 2364 1486 2408 τὰ
1522 2367 1654 2420 μέλεα

297 2422 586 2476 διαταμόντας
611 2421 670 2475 (ὗς
693 2428 875 2481 μέγιστα
900 2431 1086 2482 κομίζειν
1113 2429 1156 2481 ἒς
1179 2435 1316 2474 ταῦτα
1335 2431 1388 2474 τὰ
1403 2438 1554 2489 χωρία,
1582 2438 1655 2476 καί

296 2505 411 2544 σφεα
435 2494 595 2541 θέντας
626 2489 757 2546 ἀγχοῦ
788 2498 873 2537 τιῦν
898 2500 1126 2540 νεοσσιέων
1153 2495 1523 2543 ἀπαλλάσσεσθαι
1554 2500 1651 2552 ἑκὰς

295 2555 478 2599 αὐτέων·
514 2556 591 2608 τὰς
629 2560 674 2601 δὲ
712 2559 895 2617 ὄρνιθας
931 2568 1281 2618 καταπετομένας
1315 2566 1368 2608 τὰ
1404 2569 1535 2621 μέλεα
1565 2573 1650 2611 τῶν

294 2621 537 2680 ὑποζυγίων
564 2624 818 2682 ἀναφορέειν
844 2628 918 2671 ἐπὶ
942 2630 1019 2681 τὰς
1043 2632 1263 2683 νεοσσιάς·
1288 2632 1365 2684 τὰς
1387 2635 1433 2676 δὲ
1453 2633 1502 2677 οὗ
1525 2635 1651 2677 δυνα-

292 2695 422 2743 μένας
447 2692 579 2745 ἴσχειν
604 2695 982 2752 καταρρήγνυσθαι
1008 2697 1082 2742 ἐπὶ
1110 2703 1205 2756 γῆν·
1243 2698 1344 2751 τοὺς
1375 2701 1421 2744 δὲ
1447 2700 1649 2752 ἐπιόντας

287 2759 502 2812 συλλέγειν
538 2758 587 2802 τὸ
624 2762 911 2815 κιννάμωμον,
960 2764 1266 2818 συλλεγόμενον
1311 2766 1357 2809 δὲ
1401 2766 1444 2809 ἐκ
1484 2769 1647 2812 τούτων
