1794 3282
479 249 794 285 ΗΡΟΔΟΤΟΥ
823 250 864 283 Γ.
890 249 1079 284 loo-403.
1376 239 1458 281 221

97 323 342 378 σπείρουσι,
360 315 457 361 οὕτε
473 318 611 370 οἰκίας
625 319 850 372 νομίζουσι
862 322 1112 375 κεκτῆσθαι,
1136 320 1460 374 ποιηφαγέουσι

98 389 163 439 δέ,
190 388 262 430 καὶ
289 384 464 429 αύτοῖσι
490 385 581 429 ἔστι
607 384 709 429 ὅσον
734 390 907 442 κέγχρος
931 385 980 429 τὸ
1007 389 1203 442 μέγαθος
1229 385 1270 429 ἐν
1294 385 1456 436 κάλυκι,

97 452 344 508 αὐτόματον
370 453 414 496 ἐκ
437 457 513 510 τῆς
537 458 611 510 γῆς
636 454 869 509 γινόμενον,
896 453 945 496 τὸ
967 455 1239 509 συλλέγοντες
1259 450 1364 509 αὐτῇ
1385 453 1462 494 κά-

96 523 192 564 λυκι
218 521 381 576 ἕψουσί
409 537 455 564 τε
480 524 550 564 καὶ
577 525 805 564 σιτέονται.
855 521 903 572 ὃς
929 519 968 564 δ’
987 520 1037 563 ἂν
1063 521 1105 572 ἐς
1134 525 1287 564 νοῦσον
1320 518 1461 563 αὐτῶν

97 593 224 646 πέσῃ,
249 587 391 632 έλθων
413 588 455 640 ἒς
475 588 548 645 τὴν
562 588 717 645 ἐρῆμον
731 588 892 632 κέεται·
919 589 1136 645 φροντίζει
1152 589 1198 631 δὲ
1218 587 1359 639 οὐδεὶς
1373 586 1458 630 οὔτ’

98 655 407 707 ἀποθανόντος
433 655 530 699 οὔτε
550 657 796 710 κάμνοντος.
832 657 949 710 μῖξις
971 656 1016 698 δὲ
1037 656 1202 699 τούτων
1221 661 1306 699 τῶν
1322 654 1460 699 Ἰνδῶν

97 729 183 768 τῶν
208 726 412 776 κατέλεξα
437 725 612 767 πάντων
639 724 831 780 ἐμφανής
858 723 950 767 ἐστι
975 725 1168 780 κατάπερ
1187 729 1271 766 τῶν
1294 726 1460 781 προβά-

97 809 201 844 των,
240 794 313 834 καὶ
342 791 392 834 τὸ
421 796 576 848 χρῶμα
608 795 819 848 φορέουσι
851 789 1002 845 ὁμοῖον
1033 792 1193 842 πάντες
1223 793 1295 833 καὶ
1319 807 1464 846 παρα-

98 859 285 916 πλήσιον
309 859 522 914 Αἰθίοψι.
561 857 585 915 ἡ
611 857 710 914 γονὴ
738 859 784 901 δὲ
811 856 962 910 αὐτῶν,
991 857 1064 914 τὴν
1090 857 1293 902 ἀπίενται
1320 857 1362 908 ἒς
1386 857 1464 909 τὰς

97 937 318 983 γυναῖκας,
353 925 402 969 οὗ
428 926 621 981 κατάπερ
648 930 732 968 τῶν
759 923 899 968 ἄλλων
925 923 1178 980 ἀνθρώπιον
1205 925 1295 968 ἐστὶ
1321 925 1459 980 λευκή,

99 994 209 1037 ἀλλὰ
233 996 415 1048 μέλαινα
440 993 633 1050 κατάπερ
653 992 703 1036 τὸ
722 989 894 1047 χρῶμα·
919 993 1122 1048 τοιαύτην
1143 994 1189 1036 δὲ
1209 994 1280 1034 καὶ
1301 992 1466 1036 Αἰθίο-

98 1080 180 1113 πες
206 1060 409 1104 ἀπίενται
434 1061 586 1117 θορήν.
626 1054 748 1103 οὗτοι
772 1061 848 1114 μὲν
871 1064 957 1102 τῶν
979 1058 1119 1103 Ἰνδῶν
1145 1060 1359 1115 ἑκαστέρω
1381 1064 1465 1102 τῶν

98 1132 298 1185 Περσέων
331 1127 521 1171 οἰκέουσι
552 1129 625 1170 καὶ
657 1126 769 1184 πρὸς
801 1128 927 1170 νότου
961 1126 1138 1182 ἀνέμου,
1179 1130 1250 1170 καὶ
1275 1131 1463 1184 Δαρείου

98 1199 303 1252 βασιλέος
324 1195 493 1250 οὐδαμὰ
514 1193 779 1252 ὑπήκουσαν.
819 1194 943 1238 ἄλλοι
963 1196 1009 1239 δὲ
1026 1201 1112 1238 τῶν
1128 1194 1266 1239 Ἰνδῶν
1281 1203 1466 1238 Κασπα-

98 1265 213 1322 τύρῳ
239 1281 286 1307 τε
307 1264 414 1307 πόλι
432 1265 504 1305 καὶ
523 1267 573 1320 τῇ
593 1268 811 1321 Πακτυϊκῇ
828 1264 946 1320 χώρῃ
969 1263 1053 1306 εἶσὶ
1073 1263 1328 1321 πρόσουροι,
1357 1262 1468 1320 πρὸς

100 1330 257 1388 ἄρκτου
293 1348 340 1374 τε
376 1333 448 1373 καὶ
483 1334 623 1388 βορέω
668 1329 824 1385 ἀνέμου
862 1330 1162 1387 κατοικημένοι
1204 1335 1289 1374 τῶν
1328 1329 1468 1374 ἄλλων

96 1397 248 1451 Ἰνδῶν,
278 1402 320 1442 οἳ
344 1402 598 1455 Βακτρίοισι
623 1400 934 1455 παραπλησίην
961 1399 1107 1452 ἔχουσι
1130 1399 1319 1442 δίαιταν·
1347 1392 1469 1442 οὗτοι

102 1469 175 1509 καὶ
199 1466 502 1520 μαχιμώτατοί
527 1466 613 1509 εἶσι
634 1464 785 1516 Ἰνδῶν,
813 1468 884 1509 καὶ
911 1466 953 1508 οἱ
979 1465 1053 1509 ἐπὶ
1078 1465 1151 1509 τὸν
1167 1466 1326 1522 χρυσὸν
1348 1468 1468 1510 στελ-

102 1534 278 1588 λόμενοί
302 1534 388 1576 εἶσι
414 1527 555 1576 οὗτοι·
586 1533 694 1576 κατὰ
719 1533 799 1590 γὰρ
825 1534 954 1576 τοῦτό
983 1533 1075 1577 ἔστι
1107 1534 1257 1590 ἐρημίη
1292 1533 1364 1576 διὰ
1393 1533 1468 1590 τὴν

103 1602 301 1657 ψάμμον.
340 1600 382 1644 ἕν
409 1599 458 1657 δὴ
486 1595 544 1643 ῶν
570 1606 620 1659 τῇ
647 1601 798 1658 ἐρημίῃ
824 1602 956 1657 ταύτῃ
977 1603 1048 1644 καὶ
1067 1606 1118 1658 τῇ
1140 1602 1310 1657 ψάμμῳ
1332 1605 1470 1657 γίνον-

103 1687 176 1712 ται
200 1670 416 1725 μύρμηκες
440 1669 640 1724 μεγάθεα
666 1669 831 1722 ἔχοντες
856 1673 991 1712 κυνῶν
1015 1670 1091 1722 μὲν
1118 1668 1331 1712 ἐλάσσονα
1357 1667 1471 1711 ἀλω-

104 1741 248 1781 πέκων
275 1737 321 1779 δὲ
344 1737 520 1790 μέζονα·
561 1736 645 1779 εἶσὶ
677 1736 756 1793 γὰρ
785 1735 927 1779 αὐτῶν
957 1738 1029 1779 καὶ
1059 1736 1181 1793 παρὰ
1210 1739 1385 1791 βασιλέι·
1407 1740 1468 1793 τῷ

104 1808 305 1860 Περσέων
338 1803 536 1847 ἐνθεῦτεν
567 1808 872 1859 θηρευθέντες.
935 1798 1056 1847 οὗτοι
1089 1799 1148 1847 ῶν
1181 1805 1223 1847 οἱ
1257 1805 1472 1861 μύρμηκες

105 1873 358 1926 ποιεύμενοι
396 1872 560 1928 οἴκησιν
597 1870 684 1915 ὑπὸ
728 1877 803 1928 γῆν
842 1871 1136 1929 ἀναφορέουσι
1170 1871 1244 1928 τὴν
1288 1873 1472 1927 ψάμμον

105 1941 300 1997 κατάπερ
338 1939 381 1982 οἱ
417 1939 458 1982 ἒν
494 1948 612 1982 τοῖσι
639 1937 812 1995 Ἕλλησι
842 1941 1058 1997 μύρμηκες
1088 1939 1196 1982 κατὰ
1232 1938 1306 1983 τὸν
1344 1937 1474 1982 αὐτὸν

105 2008 282 2065 τρόπον,
310 2007 393 2050 εἶσὶ
422 2008 468 2049 δὲ
492 2009 564 2049 καὶ
588 2007 636 2050 τὸ
665 2006 780 2058 εἶδος
806 2006 1081 2062 ὁμοιότατοι·
1113 2005 1138 2064 ἡ
1166 2008 1212 2050 δὲ
1238 2008 1422 2062 ψάμμος
1448 2005 1471 2062 ἡ

107 2074 405 2132 ἀναφερομένη
433 2073 525 2118 ἐστὶ
547 2084 755 2130 χρυσῖτις.
812 2075 885 2119 ἐπὶ
919 2075 969 2133 δη
1000 2075 1160 2132 ταύτην
1189 2074 1264 2131 την
1292 2076 1474 2130 ψάμμον

108 2145 356 2187 στέλλονται
388 2142 430 2193 ἐς
460 2142 534 2199 τὴν
567 2142 721 2199 ἐρῆμον
755 2143 796 2185 οἱ
824 2141 963 2196 Ἰνδοί,
1005 2143 1259 2198 ζευξάμενος
1296 2143 1474 2194 ἕκαστος

107 2211 324 2267 καμήλους
343 2217 470 2267 τρεῖς,
494 2212 756 2268 σειρηφόρον
769 2213 844 2265 μὲν
859 2211 1128 2269 ἑκατέρωθεν
1145 2211 1294 2268 ἔρσενα
1314 2213 1475 2266 παρέλ-

108 2295 208 2329 κειν,
235 2279 399 2332 θήλεαν
427 2279 472 2320 δὲ
499 2277 541 2328 ἒς
565 2282 716 2331 μέσον·
744 2278 817 2322 ἐπὶ
837 2280 995 2335 ταύτην
1017 2279 1066 2334 δὴ
1089 2277 1219 2329 αὐτὸς
1239 2277 1472 2332 ἀναβαίνει,

110 2345 399 2400 ἐπιτηδεύσας
425 2342 534 2395 ὅκως
561 2343 649 2388 ἀπὸ
676 2350 830 2390 τέκνων
864 2345 923 2397 ῶς
947 2347 1172 2390 νεωτάτων
1205 2343 1475 2396 ἀποσπάσας

111 2414 260 2465 ζεύξει.
299 2412 344 2454 αἱ
368 2412 448 2468 γάρ
476 2428 557 2469 σφι
575 2413 761 2468 κάμηλοι
780 2414 931 2457 ἵππων
953 2412 1027 2456 οὐκ
1049 2413 1220 2464 ἕσσονες
1244 2412 1324 2469 [ἐς]
1346 2430 1474 2465 ταχυ-

110 2485 219 2537 τῆτα
251 2479 353 2530 εἶσί,
390 2481 522 2534 χωρὶς
549 2480 594 2522 δὲ
621 2477 765 2533 ἄχθεα
793 2481 1085 2535 δυνατώτεραι
1119 2479 1280 2523 πολλὸν
1314 2481 1474 2537 φέρειν.

110 2547 160 2591 τὸ
186 2549 261 2602 μὲν
289 2546 338 2602 δη
366 2545 481 2598 εἶδος
507 2546 651 2590 ὁκοῖόν
676 2565 718 2590 τι
744 2548 827 2601 ἔχει
856 2546 876 2604 ἡ
904 2550 1110 2604 κάμηλος,
1146 2547 1475 2603 ἐπισταμένοισι

111 2624 229 2659 τοῖσι
244 2612 418 2671 (Ἑλλησι
445 2613 492 2657 οὗ
521 2615 776 2672 συγγράφω·
809 2614 857 2659 τὸ
886 2617 931 2658 δὲ
956 2615 1013 2673 μὴ
1041 2615 1297 2659 ἐπιστέαται
1330 2615 1471 2672 αὗτῆς,

111 2688 240 2726 τοῦτο
266 2683 436 2741 φράσω.
487 2683 677 2739 κάμηλος
704 2682 886 2726 ἕντοῖσι
915 2681 1171 2727 ὀπισθίοισι
1198 2686 1365 2727 σκέλεσι
1391 2684 1476 2737 ἔχει

113 2754 318 2807 τέσσερας
342 2749 505 2807 μηροὺς
530 2753 598 2794 καὶ
624 2752 811 2806 γούνατα
836 2755 1034 2809 τέσσερα,
1068 2751 1122 2795 τὰ
1149 2753 1192 2795 δὲ
1227 2752 1375 2795 αἰδοῖα
1402 2752 1475 2795 διὰ

1487 666 1535 691 10].

1492 1208 1540 1232 102

1500 2560 1548 2586 103
