1794 3282
136 236 242 265 XXX

135 311 350 357 compendio
365 311 397 345 T
413 310 643 355 designatum
656 310 772 343 video.
798 309 854 343 Ac

137 358 217 402 quis
234 368 304 391 non
322 357 399 390 iure
422 355 590 398 miretur,
616 355 712 399 quod
737 354 854 388 editor

137 414 228 446 quas
280 400 578 452 interpolationes
631 399 867 442 vitiosasque

137 447 334 492 scripturas
352 457 389 479 in
406 445 524 489 priore
543 444 701 478 editione
720 454 739 477 e
757 443 852 477 codi-

137 493 240 526 cibus
259 491 321 526 SV
338 491 501 533 duxerat,
521 489 667 523 easdem
684 489 721 521 in
740 489 855 522 altera

138 549 181 570 ex
197 536 378 571 Vaticano
397 535 429 568 Τ
447 534 616 578 arripuit3
634 534 743 578 plane
757 527 867 567 enim*

139 580 340 616 consentire
357 579 528 615 Vaticani
553 582 589 613 et
609 577 866 613 Sancroftiani'

137 624 486 668 vindobonensique
516 623 712 668 scripturas
741 623 853 657 nemi-

137 682 220 705 nem
243 670 352 704 facile
374 670 489 704 fallet.
541 668 729 713 Sequitur,
757 668 854 702 illius

139 715 309 750 editionis
327 719 511 749 auctorem
528 726 573 748 ne
590 714 625 747 in
645 714 762 748 altera
776 714 852 757 qui—

139 762 222 796 dem
257 760 414 795 editione
450 761 537 794 satis
573 759 769 804 diligenter
797 769 854 793 co-

137 811 263 841 natum
286 817 364 840 esse
388 806 499 839 verba
523 805 591 838 scri
621 805 707 838 toris
731 805 778 838 ad
795 815 854 838 ve—

138 853 252 887 riores
281 851 446 886 codicum
469 850 584 884 MPF
612 850 626 858 ⁷
658 849 855 895 scripturas

137 908 320 932 revocare.
370 896 464 931 Nam
480 895 651 931 Vaticani
673 895 777 929 istius
794 906 854 929 no-

138 943 235 977 mine
260 942 357 987 quod
379 941 587 986 praetendit
610 940 855 975 Sancroftiani

140 992 175 1022 et
198 987 356 1023 Vindob.
388 987 585 1031 scripturas
613 985 685 1019 iam
713 986 854 1030 pridem

142 1032 309 1078 cognitas
333 1031 379 1065 ab
404 1042 517 1075 eoque
540 1031 578 1064 in
600 1030 757 1074 priorem
782 1030 854 1064 edi-

138 1078 274 1112 tionem
306 1080 473 1120 receptas
511 1075 733 1120 pertinacius
770 1075 854 1109 reti-

140 1123 230 1157 nuit.
277 1122 333 1156 Ac
350 1121 419 1155 nisi
437 1121 557 1155 omnia
573 1132 630 1154 me
648 1120 779 1154 fallunt
798 1131 854 1154 co-

140 1169 209 1202 dex
226 1167 258 1201 T
277 1168 375 1201 idem
393 1170 457 1210 est,
476 1166 537 1211 qui
554 1176 703 1200 numero
721 1166 788 1200 215
800 1166 853 1199 in-

140 1213 293 1247 dicatur.
344 1212 439 1247 Nam
471 1211 629 1256 primum
659 1211 806 1254 quidem
836 1221 854 1245 e

138 1258 246 1292 huius
265 1257 401 1292 codicis
418 1257 617 1302 scripturis,
636 1268 724 1301 quas
739 1255 855 1290 Carol.

140 1304 326 1338 Diltheius
355 1303 402 1337 ad
424 1312 481 1336 me
510 1302 727 1344 transmisit,
759 1301 855 1336 effici

141 1349 294 1395 cogique
313 1351 444 1394 potest,
470 1347 632 1382 codicem
649 1347 770 1383 Vatic.
790 1358 854 1381 nu-

140 1406 239 1428 mero
257 1394 324 1428 215
341 1393 526 1438 signatum
544 1396 579 1427 et
595 1392 715 1437 ipsum
733 1392 779 1426 ad
795 1392 855 1425 de—

139 1440 308 1474 teriorem
326 1439 489 1473 codicum
507 1438 684 1472 familiam
697 1438 855 1472 referen—

143 1486 229 1519 dum
248 1495 325 1518 esse
344 1484 395 1527 (id
412 1484 509 1529 quod
527 1484 636 1517 etiam
653 1483 690 1516 in
707 1483 855 1518 Vatica-

140 1542 226 1564 num
260 1530 305 1573 T,
341 1540 422 1563 cum
456 1528 634 1563 Sancrost.
647 1555 655 1571 ,
694 1528 854 1563 Vindob.

140 1576 250 1620 plane
269 1574 555 1609 consentientem
573 1574 704 1608 cadere
727 1576 855 1618 patet),

141 1620 274 1655 deinde
291 1630 376 1655 vero
393 1619 504 1654 etiam
527 1619 673 1653 easdem
694 1619 856 1662 lacunas,

141 1665 274 1710 quibus
290 1664 512 1701 Vaticanum
533 1675 567 1698 n.
591 1664 659 1698 215
682 1663 856 1698 dilacera-

140 1717 218 1746 tum
241 1721 321 1745 esse
349 1710 529 1753 intellexi,
558 1710 596 1743 in
619 1709 800 1744 Vaticano
824 1709 856 1742 T

140 1756 295 1791 inveniri
314 1766 356 1790 ex
373 1767 416 1790 eo
434 1755 679 1801 colligendum
694 1765 771 1789 esse
787 1757 856 1788 sta-

141 1808 220 1845 tuo,
246 1801 343 1846 quod
367 1804 492 1835 auctor
509 1800 678 1835 editionis
696 1799 856 1834 Weidm.

144 1859 163 1882 e
181 1847 266 1881 libri
289 1846 396 1892 primi
420 1845 619 1891 capitibus,
644 1855 737 1890 quae
755 1845 857 1879 omit-

142 1896 223 1927 tunt
271 1892 459 1926 deterioris
508 1890 670 1925 familiae
715 1890 858 1924 codices

144 1937 219 1975 (SV
234 1938 354 1972 Vatic.
364 1949 398 1971 n.
408 1936 531 1980 215),ἱ.
541 1947 571 1971 e.
581 1936 599 1970 I
611 1936 758 1970 46-52.
769 1935 858 1970 56-

145 1984 199 2017 65.
220 1983 365 2017 77—79.
389 1982 535 2016 92—93.
559 1981 727 2016 96-100.
747 1981 859 2015 131—

144 2029 221 2064 135.
248 2028 459 2071 141—177),
484 2038 503 2061 e
520 2027 701 2062 Vaticano
726 2037 789 2060 suo
813 2036 858 2059 ne

143 2085 254 2109 unam
277 2073 423 2118 quidem
447 2072 554 2107 affert
575 2072 713 2106 variam
735 2071 858 2106 lectio-

144 2130 239 2159 nem,
253 2119 350 2153 unde
365 2117 453 2152 satis
467 2117 677 2163 apparet,in
691 2117 759 2151 hoc
774 2127 858 2161 quo-

146 2175 215 2210 que
224 2165 317 2198 libro
324 2164 443 2198 inesse
453 2163 599 2197 easdem
611 2163 772 2206 lacunas,
782 2162 859 2206 qui-

144 2211 214 2244 bus
230 2209 390 2253 reliquos
409 2209 571 2243 eiusdem
588 2207 749 2242 familiae
764 2207 860 2241 codi-

147 2266 207 2289 ces
222 2254 408 2289 mutilatos
426 2264 504 2288 esse
523 2253 688 2287 vidimus.
740 2251 861 2286 Codex

146 2301 208 2334 ille
221 2299 468 2336 Vaticanus
485 2311 519 2333 n.
534 2299 602 2333 215
615 2298 725 2341 (=T)
743 2297 859 2332 folior.

148 2346 215 2380 395
239 2346 452 2379 chartaceus
481 2354 574 2378 saec.
598 2343 672 2378 XV
695 2346 861 2377 exaratus

149 2394 203 2425 est
224 2390 261 2424 in
278 2390 397 2424 insula
415 2389 540 2432 Creta,
562 2389 600 2422 id
623 2389 719 2433 quod
743 2399 761 2422 e
779 2387 861 2422 sub-

149 2436 346 2480 scriptione
362 2434 602 2480 intellegitur,
620 2444 714 2477 quae
729 2434 776 2467 ad
791 2433 862 2467 cal-

150 2492 229 2516 cem
259 2480 393 2515 codicis
422 2479 483 2514 fol.
507 2479 574 2514 393
602 2478 768 2513 subiecta
797 2482 862 2513 est.

149 2525 367 2561 Accuratius
391 2526 436 2559 de
459 2524 584 2560 codice
615 2524 763 2568 eiusque
791 2523 864 2558 fide

151 2576 261 2615 atque
279 2570 494 2605 auctoritate
511 2570 571 2616 egi
588 2569 625 2603 in
640 2569 820 2603 dissertat.
836 2580 863 2602 s.

150 2617 174 2651 l.
200 2617 259 2660 (de
283 2617 447 2651 codicum
471 2616 558 2650 Her.
579 2614 652 2649 fide
676 2618 785 2659 atque
803 2625 864 2648 au-

152 2662 342 2704 ctoritate).

722 237 776 261 DE
801 236 1009 262 HERODOTI

877 319 1026 352 remque
1066 308 1230 343 codicum
1267 307 1443 343 familiam
1482 309 1592 354 perti-

877 363 975 396 nere,
995 352 1052 386 cui
1064 353 1221 397 reliquos
1234 363 1378 399 quoque
1390 354 1593 389 Vaticanos

878 398 1038 442 quinque
1066 398 1318 433 attribuendos
1342 410 1419 433 esse
1449 410 1592 443 censeo,

878 454 921 476 ac
944 442 1002 475 vix
1026 443 1165 487 sperari
1192 443 1278 478 licet
1301 443 1377 478 fore
1401 448 1441 478 ut
1462 444 1591 478 horum

878 487 1042 521 codicum
1054 488 1257 522 conlatione
1272 488 1410 533 aliquid
1423 489 1591 534 proficia-

876 536 936 566 tur
953 533 1000 566 ad
1017 532 1196 566 Herodoti
1218 533 1329 567 verba
1352 535 1590 570 emendanda.

874 577 982 618 ‚Quae
1002 588 1082 611 cum
1096 577 1148 611 ita
1162 578 1243 621 sint,
1261 579 1460 613 rectissime
1478 591 1516 614 se
1529 580 1593 613 ha-

877 622 965 656 bere
979 622 1072 666 dico,
1087 623 1184 665 quod
1199 623 1394 657 cardinalis
1402 624 1593 658 Passionei

878 667 1137 712 Wesselingio,
1161 668 1376 702 schedarum
1397 669 1593 703 Vaticana-

878 724 956 747 rum
979 713 1278 757 appetentissimo
1300 713 1504 758 rescripsit,
1533 726 1593 748 eas

878 770 939 792 nee
963 759 1143 792 admodum
1172 759 1277 792 bonas
1300 770 1361 792 nec
1386 760 1524 804 priscas
1546 760 1593 793 vi-

878 805 961 837 deri.
1009 803 1106 837 Illud
1130 804 1224 837 enim
1249 803 1404 848 primum
1428 807 1594 839 constare

879 848 1006 893 debet,
1038 849 1134 893 quod
1158 849 1246 882 mihi
1271 852 1326 883 est
1350 849 1595 894 exploratissi-

878 905 992 937 mum,
1027 904 1167 938 neque
1196 894 1239 927 in
1268 894 1492 929 Vaticana
1520 905 1594 929 ne-

879 950 962 984 que
994 939 1037 973 in
1068 939 1282 974 Palatina
1312 940 1428 974 ullas
1465 951 1594 974 mem—

879 985 1040 1018 branas
1064 984 1284 1018 Herodoti
1305 984 1514 1019 inveniri.

924 1029 994 1062 His
1017 1029 1119 1062 libris
1144 1029 1327 1073 antiquior
1351 1040 1429 1064 esse
1451 1030 1596 1064 videtur

880 1074 995 1108 codex
1017 1074 1180 1108 Mureti
1202 1074 1240 1108 in
1264 1075 1393 1120 colleg.
1411 1075 1515 1109 Rom.
1540 1086 1596 1109 so-

880 1119 961 1153 ciet.
971 1119 1041 1153 Ies.
1053 1123 1121 1153 cat.
1136 1119 1331 1164 inscriptus
1345 1132 1385 1154 ex
1401 1121 1595 1154 bibliotheca

880 1165 1027 1206 Μυνείί,
1055 1164 1116 1208 qui
1134 1175 1216 1198 cum
1233 1165 1399 1199 omnibus
1417 1165 1595 1200 Herodoti

881 1209 1081 1244 editoribus
1109 1220 1256 1255 prorsus
1282 1209 1490 1256 incognitus
1513 1221 1595 1256 per-

879 1254 1089 1298 mansisset,
1115 1254 1321 1300 nuperrime
1346 1258 1390 1299 (a.
1416 1256 1518 1299 1868)
1540 1267 1596 1290 re-

880 1303 1003 1345 pertus
1018 1303 1073 1334 est
1086 1300 1357 1345 operaDilthei,
1372 1301 1428 1335 cui
1444 1301 1597 1346 contigit

880 1350 920 1379 ut
937 1345 1081 1391 magnis
1098 1345 1369 1391 impedimentis
1386 1358 1526 1381 summa
1541 1347 1596 1380 in-

881 1391 1018 1425 dustria
1032 1391 1211 1436 superatis
1225 1391 1386 1426 codicem
1398 1391 1598 1437 inspiceret

882 1440 990 1481 atque
1009 1440 1218 1471 accuratam
1234 1436 1318 1471 libri
1330 1437 1349 1470 I
1366 1437 1596 1472 collationem

880 1482 1029 1516 faceret.
1067 1481 1135 1515 Est
1152 1482 1264 1516 codex
1280 1483 1593 1526 membranaceus,

883 1527 998 1561 nitide
1024 1527 1228 1579 descriptus
1244 1527 1382 1562 Romae
1405 1527 1441 1561 in
1465 1528 1597 1563 biblio·

880 1573 989 1606 theca
1018 1572 1165 1617 collegli
1193 1572 1349 1606 Romani
1377 1577 1595 1617 asservatus,

882 1617 983 1652 cuius
1011 1617 1229 1651 lectionibus
1252 1618 1447 1663 diligenter
1475 1619 1596 1664 explo-

881 1662 969 1697 ratis
997 1661 1088 1696 mihi
1117 1663 1299 1707 persuasi,
1329 1664 1424 1698 hunc
1452 1674 1598 1708 quoque

883 1708 1057 1751 codicem,
1082 1718 1187 1752 quem
1206 1707 1390 1743 Diltheius
1408 1719 1502 1744 saec.
1519 1709 1595 1743 XII

882 1753 1057 1798 scriptum
1074 1764 1153 1787 esse
1176 1754 1320 1798 statuit,
1342 1754 1524 1789 inferioris
1541 1754 1596 1789 fa-

882 1798 1003 1832 miliae
1013 1798 1199 1833 codicibus
1215 1809 1292 1833 esse
1301 1799 1594 1844 adscribendum,

882 1854 1000 1888 neque
1025 1843 1157 1878 fefellit
1178 1843 1399 1888 Diltheium,
1429 1845 1491 1889 qui
1515 1857 1597 1880 cum

883 1889 1047 1924 codicem
1079 1888 1261 1923 conferret
1292 1889 1490 1935 scripturas
1519 1891 1598 1925 eius

882 1933 1035 1968 mirifice
1054 1934 1261 1979 conspirare
1279 1946 1360 1969 cum
1375 1935 1598 1970 Sancroftia-

882 1980 938 2014 nis
954 1980 1048 2014 bene
1062 1979 1249 2014 intellexit.
1275 1980 1333 2014 De
1348 1980 1500 2026 singulis
1515 1992 1596 2015 con-

884 2025 1000 2069 seraS,
1026 2036 1119 2069 quae
1138 2025 1286 2070 exposui
1310 2026 1355 2060 de
1373 2026 1508 2060 codicis
1524 2026 1599 2061 fide

883 2071 920 2105 in
938 2070 1120 2104 dissertat.
1140 2082 1166 2104 s.
1186 2071 1208 2104 l.

928 2115 1156 2150 Postremum
1172 2114 1355 2150 inferioris
1378 2115 1540 2151 familiae
1556 2117 1600 2151 li-

884 2162 989 2195 brum
1027 2161 1108 2195 dico
1147 2172 1246 2205 eum,
1285 2172 1356 2206 quo
1387 2162 1596 2197 Laurent.

884 2206 1015 2242 Valla
1036 2218 1123 2240 usus
1146 2210 1201 2240 est
1217 2207 1264 2240 ad
1280 2207 1450 2241 historias
1471 2207 1508 2241 in
1526 2218 1599 2241 ser—

884 2262 1027 2286 monem
1041 2252 1192 2285 latinum
1202 2252 1473 2286 convertendas.
1491 2253 1599 2287 Hunc

886 2297 1066 2340 codicem,
1091 2297 1153 2341 qui
1174 2297 1248 2330 iam
1264 2308 1441 2341 nusquam
1463 2299 1599 2342 reperi-

885 2347 954 2386 tur,
973 2353 1015 2376 ex
1033 2342 1159 2375 eodem
1177 2341 1276 2376 fonte
1293 2353 1363 2387 quo
1378 2341 1601 2378 Sancroftia-

886 2399 988 2430 num,
1022 2387 1181 2422 Vindob.
1216 2398 1382 2422 manasse
1417 2399 1498 2422 cum
1526 2388 1599 2423 iam

888 2432 1155 2477 Wesselingius
1173 2432 1336 2467 docuerit
1346 2434 1426 2475 Rubi
1442 2435 1536 2468 lacer
1553 2441 1603 2469 est

888 2485 916 2511 et
932 2478 1051 2511 Iziascit
1077 2478 1196 2511 Vallae
1213 2479 1297 2512 liber
1314 2479 1361 2512 z'bz'
1376 2479 1410 2512 in
1427 2490 1600 2513 manuscr.

889 2524 990 2557 Arclz.
1009 2525 1066 2565 (=
1082 2524 1138 2565 S),
1171 2523 1421 2557 Vz'mlobonensi
1435 2530 1464 2558 et
1476 2525 1602 2569 pleris-

888 2580 952 2613 que
982 2568 1155 2602 Vaticanis
1177 2575 1208 2602 et
1231 2568 1478 2604 Oxonz'ensz'bus
1505 2571 1601 2603 lacu-

889 2625 965 2648 nae.
983 2615 1116 2658 Siquid
1127 2615 1161 2647 in
1174 2615 1223 2648 his
1236 2615 1529 2659 autpraecipuum
1543 2621 1603 2649 aut

392 2661 495 2695 Haec
533 2660 646 2705 igitur
682 2663 866 2704 utcunque
890 2659 1102 2701 exorbitans,
1126 2659 1212 2693 idem
1235 2660 1329 2703 apud
1349 2660 1601 2703 Laurentium),

154 2710 235 2740 sunt
251 2706 290 2740 id
307 2706 455 2750 quidem
473 2706 624 2740 evicisse
641 2705 730 2739 mihi
742 2705 868 2739 videor
890 2705 960 2738 hac
988 2703 1199 2748 quaestione
1228 2714 1322 2748 quae
1351 2704 1398 2738 ad
1425 2704 1603 2748 liquidum

153 2751 316 2786 codicem
334 2751 365 2785 T
390 2752 437 2786 ad
459 2750 668 2785 inferiorem
690 2750 866 2785 recentio—
890 2749 1067 2795 perducta
1084 2752 1138 2783 cst
1160 2749 1396 2794 supersedere
1415 2760 1572 2794 possum.
