1794 3282
531 259 846 294 ΗΡΟΔΟΤΟΥ
876 260 914 293 Γ.
941 258 1086 294 61-63.
1413 248 1498 290 203

131 328 524 386 παραφρονήσαντι
555 327 865 371 ἐπανιστέαται
896 326 1045 385 ἄνδρες
1074 327 1221 383 Μάγοι
1258 327 1335 369 δύο
1373 323 1499 368 ἀδελ-

132 401 246 454 φεοί,
273 400 358 439 τῶν
383 394 457 439 τὸν
484 395 627 453 έτερον
652 398 962 439 καταλελοίπεε
982 400 1068 439 τιῦν
1090 395 1236 438 οἰκίων
1255 393 1498 450 μελεδωνὸν

131 463 155 508 5
188 464 439 520 Καμβύσης.
502 464 629 514 οὗτος
662 463 711 520 δη
747 458 805 506 ὦν
838 463 879 506 οἱ
911 463 1122 519 ἐπανέστη
1155 463 1316 517 μαθών
1347 479 1394 505 τε
1424 460 1498 505 τὸν

131 532 345 589 Σμέρδιος
369 532 564 574 θάνατον
591 529 649 582 ὥς
668 532 903 586 κρύπτοιτο
922 531 1160 586 γενόμενος,
1188 533 1260 573 καὶ
1280 528 1340 581 ὥς
1359 528 1500 585 ὀλίγοι

130 601 239 656 ἦσαν
266 599 308 642 οἱ
333 598 617 653 ἕπιστάιιενοι
643 597 771 641 αὐτὸν
792 602 1004 653 Περσέων,
1035 598 1076 641 οἱ
1102 599 1149 641 δὲ
1173 599 1329 641 πολλοὶ
1351 613 1500 652 περιε-

131 668 237 711 όντα
260 684 334 721 μιν
360 666 587 723 εἰδείησαν.
643 665 754 721 πρὸς
779 670 914 708 ταῦτα
938 666 1178 720 βουλεύσας
1202 666 1307 708 τάδε
1333 665 1500 718 επεχεί-

131 751 236 792 ρησε
271 743 388 777 τοῖσι
422 736 707 789 βασιληίοισι.
768 727 817 789 ἧν
855 733 897 776 οἱ
934 730 1165 789 ἀδελφεός,
1203 732 1277 776 τὸν
1314 731 1420 775 εἶπά
1458 731 1501 775 οἱ

132 806 517 858 συνεπαναστῆναι,
540 800 669 851 οἰκὼς
687 801 881 854 μάλιστα
893 799 943 843 τὸ
961 798 1076 850 εἶδος
1089 801 1252 856 Σμέρδι
1264 804 1325 855 τιῦ
1339 800 1497 856 Κυρου,

128 867 205 912 τὸν
232 867 254 913 5
275 869 512 925 Καμβύσης
538 867 664 911 ἐόντα
690 867 853 910 ἑωυτοῦ
875 866 1088 923 ἀδελφεὸν
1108 865 1345 910 ἀπέκτεινε.
1384 868 1433 922 ἠν
1455 882 1500 908 τε

132 935 182 993 δη
211 934 364 990 ὁμοῖος
390 933 505 985 εἶδος
528 939 590 991 τιῦ
612 935 785 990 Σμέρδι,
813 936 885 977 καὶ
906 933 956 990 δὴ
976 936 1049 976 καὶ
1069 931 1233 988 οὕνομα
1252 931 1393 976 τώυτὸ
1416 931 1500 986 εἶχε

129 1004 328 1057 Σμέρδιν.
389 1006 542 1045 τοῦτον
573 1001 646 1045 τὸν
678 999 815 1056 ἄνδρα
848 999 1100 1057 ἀναγνώσας
1133 999 1155 1044 5
1186 1001 1338 1057 Μάγος
1363 1008 1500 1043 Πατι-

131 1070 281 1126 ζείθης
307 1067 366 1120 ὥς
392 1069 434 1112 οἱ
465 1068 598 1120 αὐτὸς
628 1069 774 1112 πάντα
806 1069 1054 1125 διαπρήξει,
1094 1067 1183 1112 εἷσε
1214 1066 1329 1124 ἄγων
1361 1067 1404 1119 ἐς
1428 1066 1501 1110 τὸν

128 1137 358 1193 βασιλήιον
383 1137 560 1218 θρόνον.
599 1137 792 1193 ποιήσας
819 1137 866 1179 δὲ
890 1141 1021 1180 τοῦτο
1046 1136 1231 1192 κήρυκας
1255 1139 1307 1192 τῇ
1327 1151 1373 1178 τε
1394 1132 1500 1190 ἄλλῃ

130 1205 348 1259 διέπεμπε
373 1206 445 1246 καὶ
471 1204 521 1261 δὴ
548 1206 617 1247 καὶ
645 1221 688 1255 ες
706 1205 930 1260 Αἴγυπτον
950 1203 1216 1285 προερέοντα
1240 1207 1301 1259 τῷ
1329 1206 1501 1259 στρατῷ

131 1271 191 1324 ὥς
215 1273 427 1330 Σμέρδιος
451 1276 528 1315 τοῦ
548 1273 693 1329 Κύρου
721 1270 936 1316 ἀκουστέα
962 1273 1026 1328 εἴη
1052 1276 1130 1315 τοῦ
1156 1272 1316 1315 λοιποῦ
1344 1267 1432 1313 ἀλλ’
1451 1267 1500 1312 οῦ

129 1340 475 1395 Καμβύσεω.οἵ
491 1356 536 1383 τε
557 1339 607 1396 δη
623 1341 681 1382 ὠν
696 1337 822 1383 α’λλοι
841 1341 1016 1396 κήρυκες
1036 1339 1331 1397 προηγόρευον
1350 1342 1499 1390 ταῦτα,

129 1410 203 1451 καὶ
234 1406 284 1464 δὴ
316 1409 389 1450 καὶ
420 1406 442 1450 5
477 1424 533 1450 επ
565 1408 791 1463 Αίγυπτον
821 1412 1023 1460 ταχθείς,
1065 1404 1235 1464 εύρισκε
1266 1405 1347 1463 γὰρ
1379 1413 1502 1459 Καμ-

129 1476 265 1531 βύσην
290 1476 361 1517 καὶ
385 1473 460 1517 τὸν
486 1474 670 1530 στρατὸν
697 1474 823 1518 ἐόντα
847 1479 923 1531 τῆς
942 1479 1101 1532 Συρίης
1128 1474 1170 1517 ἐν
1186 1472 1498 1529 Ἀγβατάνοισι,

131 1543 400 1599 προηγόρευε
428 1541 534 1593 στὰς
561 1542 603 1593 ἐς
627 1546 759 1597 μέσον
785 1542 839 1585 τὰ
866 1542 1146 1592 ἐντεταλμένα
1172 1541 1216 1584 ὲκ
1235 1545 1311 1584 τοῦ
1331 1541 1500 1595 Μάγου.

131 1611 370 1665 Καμβύσης
397 1610 442 1652 δὲ
468 1607 657 1660 ἀκούσας
682 1614 819 1652 ταῦτα
846 1609 890 1652 ἐκ
914 1614 990 1652 τοῦ
1018 1610 1197 1665 κήρυκος
1222 1610 1293 1651 καὶ
1320 1608 1502 1658 ἐλπίσας

130 1695 205 1733 μιν
231 1679 367 1733 λέγειν
394 1675 565 1756 ἀληθέα
592 1675 724 1728 αὐτός
749 1694 796 1720 τε
822 1678 1132 1734 προδεδόσθαι
1152 1676 1195 1719 ἐκ
1214 1676 1503 1732 Πρηξάσπεος

133 1745 415 1802 (πεμφθέντα
439 1744 520 1801 γὰρ
548 1743 678 1788 αὐτὸν
705 1743 765 1796 ὥς
791 1743 1104 1788 ἀποκτενέοντα
1124 1744 1309 1800 Σμέρδιν
1330 1741 1378 1786 05
1399 1759 1503 1786 ποι-

132 1817 237 1869 ῆσαι
261 1815 426 1865 ταῦτα),
453 1812 660 1867 βλέψας’
643 1829 685 1863 ες
704 1812 777 1856 τὸν
796 1814 1064 1869 Πρηξάσπεα
1084 1810 1180 1855 εἶπε
1195 1810 1500 1867 “Hprjgaoneg,

133 1878 248 1923 ούτω
266 1897 358 1961 τ,μοι
390 1881 628 1936 διεπρήξαο
660 1880 710 1922 τό
743 1896 813 1923 τοι
844 1884 1104 1936 προσέθηκα
1136 1877 1350 1958 πρῆγμα,·’
1407 1877 1428 1921 5
1457 1878 1503 1921 δὲ

134 1946 262 1991 εἷπεε
266 1946 319 1990 ‘15
347 1949 553 1999 δέσποτα,
582 1946 657 1991 οὐκ
683 1947 776 1991 έστι
800 1952 938 1991 ταῦτα
965 1946 1147 2004 ἀληθέα,
1177 1944 1287 1998 ὅκως
1312 1945 1410 1989 κοτέ
1433 1962 1504 1988 τοι

132 2016 319 2072 Σμέρδις
350 2014 564 2072 ἀδελφεὸς
602 2013 623 2057 5
663 2015 739 2066 σὸς
776 2014 1056 2072 ἐπανέστηκε,
1098 2013 1197 2057 οὐδὲ
1234 2011 1344 2065 ὅκως
1380 2031 1423 2056 τι
1460 2013 1506 2065 ἐξ

129 2083 295 2126 4ἐκείνου
327 2088 403 2126 τοῦ
437 2082 593 2140 ἀνδρὸς
624 2083 763 2134 νεῖκός
792 2100 863 2126 τοι
895 2083 1017 2126 ἔσται
1047 2080 1073 2139 ἢ
1104 2081 1214 2138 μέγα
1245 2079 1270 2138 ἢ
1303 2081 1502 2137 σμικρόν·

135 2150 217 2207 ἐγὼ
243 2150 322 2207 γὰρ
350 2149 498 2203 αὐτός,
533 2151 725 2208 ποιήσας
755 2150 810 2194 τὰ
843 2152 892 2194 σύ
919 2168 973 2206 με
1000 2150 1205 2202 ἐκέλευες,
1241 2149 1398 2204 ’έθαψά
1429 2166 1502 2203 μιν

132 2221 255 2274 χερσὶ
279 2223 377 2275 τῇσι
404 2218 636 2273 ἐμεωυτοῦ.
691 2219 730 2262 εἰ
753 2223 829 2273 μέν
854 2237 926 2263 νυν
952 2219 994 2262 οἱ
1017 2222 1257 2268 τεθνεῶτες
1283 2215 1500 2268 ἀνεστᾶσι,

134 2285 376 2341 προσδέκεό
402 2303 472 2329 τοι
497 2289 568 2329 καὶ
583 2284 817 2342 Αστυάγεα
835 2286 909 2330 τὸν
928 2287 1075 2343 Μῆδον
1097 2285 1504 2340 ἐπαναστήσεσθαι·

137 2353 177 2396 εἰ
209 2351 248 2395 δ’
273 2353 367 2396 έστι
398 2350 547 2408 ὥσπερ
584 2353 671 2409 πρὸ
703 2358 798 2405 τοῦ,
839 2351 888 2397 05
925 2355 983 2410 μή
1020 2359 1064 2397 τί
1092 2370 1162 2396 τοι
1193 2352 1238 2395 έκ
1266 2368 1312 2407 γε
1344 2350 1503 2394 ἐκείνου

137 2421 345 2499 νεώτερον
372 2418 635 2477 ἀναβλάστῃ.
696 2425 767 2464 νῦν
794 2438 853 2464 ων
877 2438 953 2475 μοι
986 2422 1124 2464 δοκέει
1153 2419 1506 2474 μεταδιώξαντας

137 2487 213 2532 τὸν
238 2489 397 2544 κήρυκα
424 2487 634 2540 ἐξετάζειν
666 2488 944 2544 εἷρωτέοντας
975 2486 1075 2543 παρ’
1100 2484 1196 2529 ὅτευ
1223 2483 1335 2542 η’κων
1365 2503 1506 2543 προα-

139 2556 309 2612 γορεύει
327 2554 428 2612 ἡμῖν
441 2557 654 2612 Σμέρδιος
671 2557 876 2610 βασιλέος
896 2552 1090 2598 ἀκούεινῖ
1143 2558 1282 2597 ταῦτα
1301 2555 1504 2606 είπαντος

139 2624 444 2679 Πρηξάσπεος,
483 2620 609 2680 ἤρεσε
640 2622 720 2679 γὰρ
752 2623 983 2679 Καμβύσῃ,
1023 2621 1177 2666 αὐτίκα
1211 2621 1506 2676 μεταδιωκτὸς

139 2692 365 2748 γενόμενος
392 2689 413 2734 5
440 2692 571 2747 κῆρυξ
594 2685 686 2745 ἧκε·
725 2688 962 2746 ἀπιγμένον
995 2689 1043 2733 δέ
1070 2707 1144 2744 μιν
1176 2690 1314 2745 εἴρετο
1341 2688 1362 2732 5
1391 2698 1506 2746 Πρη-

140 2760 312 2816 ξάσπης
335 2759 452 2803 τάδε.
491 2757 756 2816 ((ιῦνθρωπε,
785 2757 871 2816 φῂς
895 2758 976 2815 γὰρ
1004 2755 1120 2815 ἥκειν
1146 2756 1267 2815 παρὰ
1292 2757 1504 2813 Σμέρδιος

1526 1349 1559 1374 62

1529 2568 1561 2594 63
