<?xml version="1.0" encoding="UTF-8"?>
<!DOCTYPE html PUBLIC "-//W3C//DTD XHTML 1.0 Transitional//EN"
    "http://www.w3.org/TR/xhtml1/DTD/xhtml1-transitional.dtd">
<html xmlns="http://www.w3.org/1999/xhtml" xml:lang="en" lang="en">
 <head>
  <title>
</title>
<meta http-equiv="Content-Type" content="text/html;charset=utf-8" />
  <meta name='ocr-system' content='tesseract 3.04.00' />
  <meta name='ocr-capabilities' content='ocr_page ocr_carea ocr_par ocr_line ocrx_word'/>
</head>
<body>
  <div class='ocr_page' id='page_1' title='image "./herodotihistori01herouoft_0293.png"; bbox 0 0 1794 3282; ppageno 0'>
   <div class='ocr_carea' id='block_1_1' title="bbox 174 217 1549 2718">
    <p class='ocr_par' dir='ltr' id='par_1_1' title="bbox 174 217 1549 2718">
     <span class='ocr_line' id='line_1_1' title="bbox 560 217 1542 260; baseline 0.001 -3"><span class='ocrx_word' id='word_1_1' title='bbox 560 223 874 259; x_wconf 74' lang='grc' dir='ltr'>ΗΡΟΔΟΤΟΥ</span> <span class='ocrx_word' id='word_1_2' title='bbox 903 225 942 258; x_wconf 90' lang='grc' dir='ltr'><em>Γ.</em></span> <span class='ocrx_word' id='word_1_3' title='bbox 969 225 1160 260; x_wconf 84' lang='grc'>139-141.</span> <span class='ocrx_word' id='word_1_4' title='bbox 1459 217 1542 258; x_wconf 78' lang='lat'><em>237</em></span> 
     </span>
     <span class='ocr_line' id='line_1_2' title="bbox 178 289 1544 350; baseline 0.003 -17"><span class='ocrx_word' id='word_1_5' title='bbox 178 289 348 347; x_wconf 76' lang='grc' dir='ltr'><strong><em>εὐτυχίη</em></strong></span> <span class='ocrx_word' id='word_1_6' title='bbox 381 309 447 343; x_wconf 89' lang='grc' dir='ltr'><em>τις</em></span> <span class='ocrx_word' id='word_1_7' title='bbox 483 293 644 348; x_wconf 77' lang='grc' dir='ltr'><em>τοιήδε.</em></span> <span class='ocrx_word' id='word_1_8' title='bbox 711 292 855 347; x_wconf 74' lang='grc' dir='ltr'><em>λαβὼν</em></span> <span class='ocrx_word' id='word_1_9' title='bbox 883 294 1066 346; x_wconf 78' lang='grc' dir='ltr'><em>χλανίδα</em></span> <span class='ocrx_word' id='word_1_10' title='bbox 1095 296 1167 336; x_wconf 84' lang='grc' dir='ltr'><em>καὶ</em></span> <span class='ocrx_word' id='word_1_11' title='bbox 1199 294 1544 350; x_wconf 81' lang='grc' dir='ltr'><em>περιβαλόμενος</em></span> 
     </span>
     <span class='ocr_line' id='line_1_3' title="bbox 177 357 1540 418; baseline 0.003 -17"><span class='ocrx_word' id='word_1_12' title='bbox 177 357 344 416; x_wconf 80' lang='grc' dir='ltr'><em>πυρρὴν</em></span> <span class='ocrx_word' id='word_1_13' title='bbox 374 357 555 416; x_wconf 76' lang='grc' dir='ltr'><em>ἠγόραζε</em></span> <span class='ocrx_word' id='word_1_14' title='bbox 589 359 630 402; x_wconf 79' lang='grc' dir='ltr'><em>ἒν</em></span> <span class='ocrx_word' id='word_1_15' title='bbox 666 364 717 417; x_wconf 81' lang='grc' dir='ltr'><em>τῇ</em></span> <span class='ocrx_word' id='word_1_16' title='bbox 749 360 920 418; x_wconf 88' lang='grc' dir='ltr'><em>Μέμφι·</em></span> <span class='ocrx_word' id='word_1_17' title='bbox 960 360 1064 404; x_wconf 83' lang='grc' dir='ltr'><em>ἷδιὺν</em></span> <span class='ocrx_word' id='word_1_18' title='bbox 1102 362 1148 404; x_wconf 82' lang='grc' dir='ltr'><em>δὲ</em></span> <span class='ocrx_word' id='word_1_19' title='bbox 1184 360 1313 405; x_wconf 75' lang='grc' dir='ltr'><em>αὐτὸν</em></span> <span class='ocrx_word' id='word_1_20' title='bbox 1347 369 1540 418; x_wconf 87' lang='grc' dir='ltr'><em>Δαρεῖος,</em></span> 
     </span>
     <span class='ocr_line' id='line_1_4' title="bbox 178 426 1546 486; baseline 0.004 -18"><span class='ocrx_word' id='word_1_21' title='bbox 178 427 426 483; x_wconf 81' lang='grc' dir='ltr'><em>δορυφόρος</em></span> <span class='ocrx_word' id='word_1_22' title='bbox 456 444 502 470; x_wconf 87' lang='grc' dir='ltr'><em>τε</em></span> <span class='ocrx_word' id='word_1_23' title='bbox 535 426 615 470; x_wconf 78' lang='grc' dir='ltr'><em>ἑῶν</em></span> <span class='ocrx_word' id='word_1_24' title='bbox 640 429 886 483; x_wconf 80' lang='grc' dir='ltr'><em>Καμβύσεω</em></span> <span class='ocrx_word' id='word_1_25' title='bbox 912 431 984 472; x_wconf 82' lang='grc' dir='ltr'><em>καὶ</em></span> <span class='ocrx_word' id='word_1_26' title='bbox 1015 429 1143 486; x_wconf 88' lang='grc' dir='ltr'><em>λόγου</em></span> <span class='ocrx_word' id='word_1_27' title='bbox 1179 427 1354 481; x_wconf 75' lang='grc' dir='ltr'><em>οὐδενός</em></span> <span class='ocrx_word' id='word_1_28' title='bbox 1380 447 1443 473; x_wconf 78' lang='grc' dir='ltr'><em>κω</em></span> <span class='ocrx_word' id='word_1_29' title='bbox 1469 447 1546 484; x_wconf 89' lang='grc' dir='ltr'><em>με-</em></span> 
     </span>
     <span class='ocr_line' id='line_1_5' title="bbox 175 493 1545 554; baseline 0.003 -18"><span class='ocrx_word' id='word_1_30' title='bbox 175 494 330 550; x_wconf 86' lang='grc' dir='ltr'><em>γάλου,</em></span> <span class='ocrx_word' id='word_1_31' title='bbox 371 493 626 551; x_wconf 75' lang='grc' dir='ltr'><em>ἐπεθύμησε</em></span> <span class='ocrx_word' id='word_1_32' title='bbox 656 500 732 551; x_wconf 78' lang='grc' dir='ltr'><em>τῆς</em></span> <span class='ocrx_word' id='word_1_33' title='bbox 765 497 965 549; x_wconf 79' lang='grc' dir='ltr'><em>χλανίδος</em></span> <span class='ocrx_word' id='word_1_34' title='bbox 1003 499 1074 539; x_wconf 82' lang='grc' dir='ltr'><em>καὶ</em></span> <span class='ocrx_word' id='word_1_35' title='bbox 1113 495 1243 554; x_wconf 74' lang='grc' dir='ltr'><em>αὐτὴν</em></span> <span class='ocrx_word' id='word_1_36' title='bbox 1279 497 1545 553; x_wconf 78' lang='grc' dir='ltr'><em>προσελθών</em></span> 
     </span>
     <span class='ocr_line' id='line_1_6' title="bbox 177 559 1546 620; baseline 0.004 -17"><span class='ocrx_word' id='word_1_37' title='bbox 177 560 346 605; x_wconf 85' lang='grc' dir='ltr'><em>ῶνέετο.</em></span> <span class='ocrx_word' id='word_1_38' title='bbox 408 559 430 604; x_wconf 91' lang='lat'><em>5</em></span> <span class='ocrx_word' id='word_1_39' title='bbox 459 563 504 605; x_wconf 83' lang='grc' dir='ltr'><em>δὲ</em></span> <span class='ocrx_word' id='word_1_40' title='bbox 528 564 732 606; x_wconf 77' lang='grc' dir='ltr'><em>Συλοσῶν</em></span> <span class='ocrx_word' id='word_1_41' title='bbox 758 561 892 620; x_wconf 80' lang='grc' dir='ltr'><em>ὁρέων</em></span> <span class='ocrx_word' id='word_1_42' title='bbox 916 563 990 607; x_wconf 83' lang='grc' dir='ltr'><em>τὸν</em></span> <span class='ocrx_word' id='word_1_43' title='bbox 1017 571 1200 619; x_wconf 89' lang='grc' dir='ltr'><em>Δαρεῖον</em></span> <span class='ocrx_word' id='word_1_44' title='bbox 1224 566 1422 620; x_wconf 90' lang='grc' dir='ltr'><em>μεγάλως</em></span> <span class='ocrx_word' id='word_1_45' title='bbox 1448 565 1546 608; x_wconf 75' lang='grc' dir='ltr'><em>ἐπι-</em></span> 
     </span>
     <span class='ocr_line' id='line_1_7' title="bbox 176 628 1543 689; baseline 0.003 -18"><span class='ocrx_word' id='word_1_46' title='bbox 176 628 400 683; x_wconf 87' lang='grc' dir='ltr'><em>θυμέοντα</em></span> <span class='ocrx_word' id='word_1_47' title='bbox 424 634 499 686; x_wconf 81' lang='grc' dir='ltr'><em>τῆς</em></span> <span class='ocrx_word' id='word_1_48' title='bbox 521 631 739 683; x_wconf 80' lang='grc' dir='ltr'><em>χλανίδος,</em></span> <span class='ocrx_word' id='word_1_49' title='bbox 773 635 877 689; x_wconf 83' lang='grc' dir='ltr'><em>θείῃ</em></span> <span class='ocrx_word' id='word_1_50' title='bbox 907 632 1010 688; x_wconf 86' lang='grc' dir='ltr'><em>τύχῃ</em></span> <span class='ocrx_word' id='word_1_51' title='bbox 1035 633 1265 689; x_wconf 81' lang='grc' dir='ltr'><em>χρεόμενος</em></span> <span class='ocrx_word' id='word_1_52' title='bbox 1290 634 1403 688; x_wconf 82' lang='grc' dir='ltr'><em>λέγει</em></span> <span class='ocrx_word' id='word_1_53' title='bbox 1429 631 1543 688; x_wconf 53' lang='grc' dir='ltr'><em>((ἔγῶ</em></span> 
     </span>
     <span class='ocr_line' id='line_1_8' title="bbox 176 695 1542 755; baseline 0.002 -16"><span class='ocrx_word' id='word_1_54' title='bbox 176 697 336 754; x_wconf 84' lang='grc' dir='ltr'><em>ταύτην</em></span> <span class='ocrx_word' id='word_1_55' title='bbox 362 699 519 740; x_wconf 83' lang='grc' dir='ltr'><em>πωλέω</em></span> <span class='ocrx_word' id='word_1_56' title='bbox 545 698 622 752; x_wconf 82' lang='grc' dir='ltr'><em>μὲν</em></span> <span class='ocrx_word' id='word_1_57' title='bbox 648 695 822 750; x_wconf 73' lang='grc' dir='ltr'><em>οὐδενὸς</em></span> <span class='ocrx_word' id='word_1_58' title='bbox 849 699 1086 755; x_wconf 83' lang='grc' dir='ltr'><em>χρήματος,</em></span> <span class='ocrx_word' id='word_1_59' title='bbox 1121 701 1281 754; x_wconf 88' lang='grc' dir='ltr'><em>δίδωμι</em></span> <span class='ocrx_word' id='word_1_60' title='bbox 1312 701 1358 742; x_wconf 80' lang='grc' dir='ltr'><em>δὲ</em></span> <span class='ocrx_word' id='word_1_61' title='bbox 1389 698 1542 752; x_wconf 72' lang='grc' dir='ltr'><em>ἄλλως,</em></span> 
     </span>
     <span class='ocr_line' id='line_1_9' title="bbox 175 762 1544 822; baseline 0.002 -15"><span class='ocrx_word' id='word_1_62' title='bbox 175 765 300 822; x_wconf 79' lang='grc' dir='ltr'><em>εἴπερ</em></span> <span class='ocrx_word' id='word_1_63' title='bbox 339 762 452 808; x_wconf 71' lang='grc' dir='ltr'><em>οὕτω</em></span> <span class='ocrx_word' id='word_1_64' title='bbox 492 765 560 807; x_wconf 86' lang='grc' dir='ltr'><em>δεῖ</em></span> <span class='ocrx_word' id='word_1_65' title='bbox 592 765 801 821; x_wconf 88' lang='grc' dir='ltr'><em>γενέσθαι</em></span> <span class='ocrx_word' id='word_1_66' title='bbox 838 765 1052 818; x_wconf 77' lang='grc' dir='ltr'><em>πάντως.”</em></span> <span class='ocrx_word' id='word_1_67' title='bbox 1131 767 1304 818; x_wconf 81' lang='grc' dir='ltr'><em>αἰνέσας</em></span> <span class='ocrx_word' id='word_1_68' title='bbox 1346 772 1484 811; x_wconf 84' lang='grc' dir='ltr'><em>ταῦτα</em></span> <span class='ocrx_word' id='word_1_69' title='bbox 1522 766 1544 810; x_wconf 92' lang='lat'><em>5</em></span> 
     </span>
     <span class='ocr_line' id='line_1_10' title="bbox 177 832 1545 892; baseline 0.001 -16"><span class='ocrx_word' id='word_1_70' title='bbox 177 840 362 889; x_wconf 86' lang='grc' dir='ltr'><em>Δαρεῖος</em></span> <span class='ocrx_word' id='word_1_71' title='bbox 386 833 722 888; x_wconf 78' lang='grc' dir='ltr'><em>παραλαμβάνει</em></span> <span class='ocrx_word' id='word_1_72' title='bbox 746 832 796 876; x_wconf 85' lang='grc' dir='ltr'><em>τὸ</em></span> <span class='ocrx_word' id='word_1_73' title='bbox 823 832 938 888; x_wconf 83' lang='grc' dir='ltr'><em>εἷμα.</em></span> <span class='ocrx_word' id='word_1_74' title='bbox 990 833 1012 877; x_wconf 84' lang='lat'><em>5</em></span> <span class='ocrx_word' id='word_1_75' title='bbox 1038 835 1114 888; x_wconf 81' lang='grc' dir='ltr'><em>μὲν</em></span> <span class='ocrx_word' id='word_1_76' title='bbox 1141 834 1191 892; x_wconf 82' lang='grc' dir='ltr'><em>δὴ</em></span> <span class='ocrx_word' id='word_1_77' title='bbox 1213 837 1416 878; x_wconf 82' lang='grc' dir='ltr'><em>Συλοσῶν</em></span> <span class='ocrx_word' id='word_1_78' title='bbox 1440 834 1545 891; x_wconf 87' lang='grc' dir='ltr'><em>ἠπί-</em></span> 
     </span>
     <span class='ocr_line' id='line_1_11' title="bbox 176 898 1542 958; baseline 0.001 -16"><span class='ocrx_word' id='word_1_79' title='bbox 176 900 310 943; x_wconf 89' lang='grc' dir='ltr'><em>στατό</em></span> <span class='ocrx_word' id='word_1_80' title='bbox 332 900 375 942; x_wconf 84' lang='grc' dir='ltr'><em>οἱ</em></span> <span class='ocrx_word' id='word_1_81' title='bbox 392 904 521 943; x_wconf 83' lang='grc' dir='ltr'><em>τοῦτο</em></span> <span class='ocrx_word' id='word_1_82' title='bbox 537 898 811 943; x_wconf 76' lang='grc' dir='ltr'><em>ἀπολωλέναι</em></span> <span class='ocrx_word' id='word_1_83' title='bbox 832 899 885 944; x_wconf 73' lang='grc' dir='ltr'><em>δι’</em></span> <span class='ocrx_word' id='word_1_84' title='bbox 898 899 1124 958; x_wconf 74' lang='grc' dir='ltr'><em>εὐήθειαν·</em></span> <span class='ocrx_word' id='word_1_85' title='bbox 1152 900 1211 952; x_wconf 83' lang='grc' dir='ltr'><em>ῶς</em></span> <span class='ocrx_word' id='word_1_86' title='bbox 1230 902 1277 944; x_wconf 82' lang='grc' dir='ltr'><em>δὲ</em></span> <span class='ocrx_word' id='word_1_87' title='bbox 1294 907 1370 944; x_wconf 84' lang='grc' dir='ltr'><em>τοῦ</em></span> <span class='ocrx_word' id='word_1_88' title='bbox 1387 902 1542 957; x_wconf 87' lang='grc' dir='ltr'><em>χρόνου</em></span> 
     </span>
     <span class='ocr_line' id='line_1_12' title="bbox 176 966 1545 1025; baseline 0 -15"><span class='ocrx_word' id='word_1_89' title='bbox 176 971 491 1025; x_wconf 84' lang='grc' dir='ltr'><em>προβαίνοντος</em></span> <span class='ocrx_word' id='word_1_90' title='bbox 514 968 751 1024; x_wconf 75' lang='grc' dir='ltr'><em>Καμβύσης</em></span> <span class='ocrx_word' id='word_1_91' title='bbox 781 984 827 1010; x_wconf 88' lang='grc' dir='ltr'><em>τε</em></span> <span class='ocrx_word' id='word_1_92' title='bbox 852 966 1054 1012; x_wconf 80' lang='grc' dir='ltr'><em>ἀπέθανε</em></span> <span class='ocrx_word' id='word_1_93' title='bbox 1083 970 1154 1011; x_wconf 84' lang='grc' dir='ltr'><em>καὶ</em></span> <span class='ocrx_word' id='word_1_94' title='bbox 1184 973 1247 1025; x_wconf 78' lang='grc' dir='ltr'><em>τῷ</em></span> <span class='ocrx_word' id='word_1_95' title='bbox 1273 969 1408 1024; x_wconf 83' lang='grc' dir='ltr'><em>Μάγῳ</em></span> <span class='ocrx_word' id='word_1_96' title='bbox 1437 968 1545 1012; x_wconf 76' lang='grc' dir='ltr'><em>ἐπα-</em></span> 
     </span>
     <span class='ocr_line' id='line_1_13' title="bbox 175 1034 1544 1093; baseline 0 -15"><span class='ocrx_word' id='word_1_97' title='bbox 175 1035 384 1091; x_wconf 89' lang='grc' dir='ltr'><em>νέστησαν</em></span> <span class='ocrx_word' id='word_1_98' title='bbox 410 1035 452 1077; x_wconf 82' lang='grc' dir='ltr'><em>οἱ</em></span> <span class='ocrx_word' id='word_1_99' title='bbox 477 1034 589 1078; x_wconf 79' lang='grc' dir='ltr'><em>ἑπτὰ</em></span> <span class='ocrx_word' id='word_1_100' title='bbox 614 1037 686 1077; x_wconf 84' lang='grc' dir='ltr'><em>καὶ</em></span> <span class='ocrx_word' id='word_1_101' title='bbox 712 1034 756 1077; x_wconf 75' lang='grc' dir='ltr'><em>ἐκ</em></span> <span class='ocrx_word' id='word_1_102' title='bbox 779 1039 866 1078; x_wconf 87' lang='grc' dir='ltr'><em>τῶν</em></span> <span class='ocrx_word' id='word_1_103' title='bbox 886 1034 998 1078; x_wconf 77' lang='grc' dir='ltr'><em>ἑπτὰ</em></span> <span class='ocrx_word' id='word_1_104' title='bbox 1018 1044 1204 1093; x_wconf 89' lang='grc' dir='ltr'><em>Δαρεῖος</em></span> <span class='ocrx_word' id='word_1_105' title='bbox 1222 1035 1296 1092; x_wconf 83' lang='grc' dir='ltr'><em>τὴν</em></span> <span class='ocrx_word' id='word_1_106' title='bbox 1315 1039 1544 1092; x_wconf 86' lang='grc' dir='ltr'><em>βασιληίην</em></span> 
     </span>
     <span class='ocr_line' id='line_1_14' title="bbox 175 1100 1544 1161; baseline 0.001 -16"><span class='ocrx_word' id='word_1_107' title='bbox 175 1103 284 1155; x_wconf 68' lang='grc' dir='ltr'><em>ἔσχε,</em></span> <span class='ocrx_word' id='word_1_108' title='bbox 312 1102 585 1145; x_wconf 87' lang='grc' dir='ltr'><em>πυνθάνεται</em></span> <span class='ocrx_word' id='word_1_109' title='bbox 611 1100 633 1144; x_wconf 88' lang='lat'><em>5</em></span> <span class='ocrx_word' id='word_1_110' title='bbox 655 1104 860 1144; x_wconf 78' lang='grc' dir='ltr'><em>Συλοσῶν</em></span> <span class='ocrx_word' id='word_1_111' title='bbox 886 1101 945 1154; x_wconf 83' lang='grc' dir='ltr'><em>ῶς</em></span> <span class='ocrx_word' id='word_1_112' title='bbox 964 1101 987 1160; x_wconf 83' lang='grc' dir='ltr'>ἡ</span> <span class='ocrx_word' id='word_1_113' title='bbox 1007 1106 1211 1160; x_wconf 81' lang='grc' dir='ltr'><em>βασιληίη</em></span> <span class='ocrx_word' id='word_1_114' title='bbox 1232 1105 1544 1161; x_wconf 84' lang='grc' dir='ltr'><em>περιεληλύθοι,</em></span> 
     </span>
     <span class='ocr_line' id='line_1_15' title="bbox 174 1167 1542 1228; baseline 0 -15"><span class='ocrx_word' id='word_1_115' title='bbox 174 1169 219 1221; x_wconf 75' lang='grc' dir='ltr'><em>ἔς</em></span> <span class='ocrx_word' id='word_1_116' title='bbox 248 1173 400 1213; x_wconf 84' lang='grc' dir='ltr'><em>τοῦτον</em></span> <span class='ocrx_word' id='word_1_117' title='bbox 430 1168 505 1213; x_wconf 85' lang='grc' dir='ltr'><em>τὸν</em></span> <span class='ocrx_word' id='word_1_118' title='bbox 537 1167 674 1226; x_wconf 78' lang='grc' dir='ltr'><em>ἄνδρα</em></span> <span class='ocrx_word' id='word_1_119' title='bbox 702 1174 764 1226; x_wconf 76' lang='grc' dir='ltr'><em>τῷ</em></span> <span class='ocrx_word' id='word_1_120' title='bbox 795 1187 893 1213; x_wconf 87' lang='grc' dir='ltr'><em>κοτε</em></span> <span class='ocrx_word' id='word_1_121' title='bbox 925 1169 1056 1222; x_wconf 74' lang='grc' dir='ltr'><em>αὐτὸς</em></span> <span class='ocrx_word' id='word_1_122' title='bbox 1088 1170 1220 1214; x_wconf 76' lang='grc' dir='ltr'><em>ἔδωκε</em></span> <span class='ocrx_word' id='word_1_123' title='bbox 1257 1171 1299 1214; x_wconf 76' lang='grc' dir='ltr'><em>ἕν</em></span> <span class='ocrx_word' id='word_1_124' title='bbox 1330 1172 1542 1228; x_wconf 80' lang='grc' dir='ltr'><em>Αἰγύπτῳ</em></span> 
     </span>
     <span class='ocr_line' id='line_1_16' title="bbox 174 1235 1545 1294; baseline 0.002 -14"><span class='ocrx_word' id='word_1_125' title='bbox 174 1236 378 1294; x_wconf 74' lang='grc' dir='ltr'><em>δεηθέντι</em></span> <span class='ocrx_word' id='word_1_126' title='bbox 407 1236 457 1281; x_wconf 85' lang='grc' dir='ltr'><em>τὸ</em></span> <span class='ocrx_word' id='word_1_127' title='bbox 491 1236 607 1292; x_wconf 82' lang='grc' dir='ltr'><em>εἷμα.</em></span> <span class='ocrx_word' id='word_1_128' title='bbox 669 1235 834 1293; x_wconf 78' lang='grc' dir='ltr'><em>ἀναβὰς</em></span> <span class='ocrx_word' id='word_1_129' title='bbox 867 1239 913 1281; x_wconf 83' lang='grc' dir='ltr'><em>δὲ</em></span> <span class='ocrx_word' id='word_1_130' title='bbox 945 1238 988 1289; x_wconf 76' lang='grc' dir='ltr'><em>ἐς</em></span> <span class='ocrx_word' id='word_1_131' title='bbox 1018 1238 1072 1281; x_wconf 84' lang='grc' dir='ltr'><em>τὰ</em></span> <span class='ocrx_word' id='word_1_132' title='bbox 1097 1243 1246 1282; x_wconf 84' lang='grc' dir='ltr'><em>Σοῦσα</em></span> <span class='ocrx_word' id='word_1_133' title='bbox 1275 1239 1466 1292; x_wconf 65' lang='grc' dir='ltr'><em>ἵζετο,ἕς</em></span> <span class='ocrx_word' id='word_1_134' title='bbox 1490 1239 1545 1282; x_wconf 78' lang='grc' dir='ltr'><em>τὰ</em></span> 
     </span>
     <span class='ocr_line' id='line_1_17' title="bbox 174 1305 1545 1365; baseline 0.002 -17"><span class='ocrx_word' id='word_1_135' title='bbox 174 1306 386 1362; x_wconf 75' lang='grc' dir='ltr'><em>πρόθυρα</em></span> <span class='ocrx_word' id='word_1_136' title='bbox 403 1309 488 1348; x_wconf 88' lang='grc' dir='ltr'><em>τῶν</em></span> <span class='ocrx_word' id='word_1_137' title='bbox 507 1307 712 1359; x_wconf 81' lang='grc' dir='ltr'><em>βασιλέος</em></span> <span class='ocrx_word' id='word_1_138' title='bbox 737 1305 884 1348; x_wconf 80' lang='grc' dir='ltr'><em>οἰκίων</em></span> <span class='ocrx_word' id='word_1_139' title='bbox 908 1309 981 1349; x_wconf 77' lang='grc' dir='ltr'><em>καὶ</em></span> <span class='ocrx_word' id='word_1_140' title='bbox 1007 1307 1089 1364; x_wconf 74' lang='grc' dir='ltr'><em>ἔφη</em></span> <span class='ocrx_word' id='word_1_141' title='bbox 1110 1311 1296 1363; x_wconf 86' lang='grc' dir='ltr'><em>Δαρείου</em></span> <span class='ocrx_word' id='word_1_142' title='bbox 1324 1307 1545 1365; x_wconf 75' lang='grc' dir='ltr'><em>εὐεργέτης</em></span> 
     </span>
     <span class='ocr_line' id='line_1_18' title="bbox 175 1371 1542 1432; baseline 0.002 -17"><span class='ocrx_word' id='word_1_143' title='bbox 175 1372 300 1416; x_wconf 80' lang='grc' dir='ltr'><em>εἶναι.</em></span> <span class='ocrx_word' id='word_1_144' title='bbox 361 1371 555 1429; x_wconf 77' lang='grc' dir='ltr'><em>ἀγγέλλει</em></span> <span class='ocrx_word' id='word_1_145' title='bbox 587 1377 725 1416; x_wconf 84' lang='grc' dir='ltr'><em>ταῦτα</em></span> <span class='ocrx_word' id='word_1_146' title='bbox 750 1371 940 1425; x_wconf 76' lang='grc' dir='ltr'><em>ἀκούσας</em></span> <span class='ocrx_word' id='word_1_147' title='bbox 965 1372 988 1417; x_wconf 87' lang='lat'><em>5</em></span> <span class='ocrx_word' id='word_1_148' title='bbox 1015 1374 1234 1431; x_wconf 85' lang='grc' dir='ltr'><em>πυλουρὸς</em></span> <span class='ocrx_word' id='word_1_149' title='bbox 1258 1379 1320 1432; x_wconf 76' lang='grc' dir='ltr'><em>τῷ</em></span> <span class='ocrx_word' id='word_1_150' title='bbox 1350 1375 1542 1429; x_wconf 77' lang='grc' dir='ltr'><em>βασιλέϊ·</em></span> 
     </span>
     <span class='ocr_line' id='line_1_19' title="bbox 176 1440 1544 1500; baseline 0.002 -17"><span class='ocrx_word' id='word_1_151' title='bbox 176 1440 200 1483; x_wconf 85' lang='lat'><em>5</em></span> <span class='ocrx_word' id='word_1_152' title='bbox 227 1442 273 1484; x_wconf 83' lang='grc' dir='ltr'><em>δὲ</em></span> <span class='ocrx_word' id='word_1_153' title='bbox 298 1441 518 1495; x_wconf 86' lang='grc' dir='ltr'><em>θωμάσας</em></span> <span class='ocrx_word' id='word_1_154' title='bbox 548 1440 661 1497; x_wconf 80' lang='grc' dir='ltr'><em>λέγει</em></span> <span class='ocrx_word' id='word_1_155' title='bbox 692 1440 802 1498; x_wconf 85' lang='grc' dir='ltr'><em>πρὸς</em></span> <span class='ocrx_word' id='word_1_156' title='bbox 835 1440 965 1485; x_wconf 78' lang='grc' dir='ltr'><em>αὐτόν</em></span> <span class='ocrx_word' id='word_1_157' title='bbox 991 1440 1096 1485; x_wconf 68' lang='lat' dir='ltr'><em>“naz</em></span> <span class='ocrx_word' id='word_1_158' title='bbox 1127 1446 1194 1494; x_wconf 86' lang='grc' dir='ltr'><em>τίς</em></span> <span class='ocrx_word' id='word_1_159' title='bbox 1226 1442 1319 1486; x_wconf 76' lang='grc' dir='ltr'><em>ἔστι</em></span> <span class='ocrx_word' id='word_1_160' title='bbox 1338 1441 1544 1500; x_wconf 81' lang='grc' dir='ltr'><em>Ἑλλήνων</em></span> 
     </span>
     <span class='ocr_line' id='line_1_20' title="bbox 175 1507 1544 1567; baseline 0.001 -15"><span class='ocrx_word' id='word_1_161' title='bbox 175 1507 416 1566; x_wconf 71' lang='grc' dir='ltr'><em>εὐεργέτης,</em></span> <span class='ocrx_word' id='word_1_162' title='bbox 454 1512 516 1565; x_wconf 76' lang='grc' dir='ltr'><em>τῷ</em></span> <span class='ocrx_word' id='word_1_163' title='bbox 550 1507 631 1564; x_wconf 76' lang='grc' dir='ltr'><em>ἔγω</em></span> <span class='ocrx_word' id='word_1_164' title='bbox 664 1510 977 1566; x_wconf 88' lang='grc' dir='ltr'><em>προαιδέομαι,</em></span> <span class='ocrx_word' id='word_1_165' title='bbox 1017 1512 1171 1553; x_wconf 87' lang='grc' dir='ltr'><em>νεωστὶ</em></span> <span class='ocrx_word' id='word_1_166' title='bbox 1200 1512 1277 1564; x_wconf 82' lang='grc' dir='ltr'><em>μὲν</em></span> <span class='ocrx_word' id='word_1_167' title='bbox 1307 1510 1381 1567; x_wconf 80' lang='grc' dir='ltr'><em>τὴν</em></span> <span class='ocrx_word' id='word_1_168' title='bbox 1415 1510 1544 1567; x_wconf 76' lang='grc' dir='ltr'><em>ἀρχὴν</em></span> 
     </span>
     <span class='ocr_line' id='line_1_21' title="bbox 176 1574 1541 1635; baseline 0.001 -15"><span class='ocrx_word' id='word_1_169' title='bbox 176 1577 294 1631; x_wconf 70' lang='grc' dir='ltr'><em>ἔχων,</em></span> <span class='ocrx_word' id='word_1_170' title='bbox 329 1574 565 1634; x_wconf 81' lang='grc' dir='ltr'><em>ἀναβέβηκε</em></span> <span class='ocrx_word' id='word_1_171' title='bbox 597 1574 681 1632; x_wconf 71' lang='grc' dir='ltr'><em>δ’ἤ</em></span> <span class='ocrx_word' id='word_1_172' title='bbox 706 1594 771 1627; x_wconf 89' lang='grc' dir='ltr'><em>τις</em></span> <span class='ocrx_word' id='word_1_173' title='bbox 796 1575 822 1633; x_wconf 83' lang='grc' dir='ltr'><em>ἢ</em></span> <span class='ocrx_word' id='word_1_174' title='bbox 849 1575 993 1628; x_wconf 76' lang='grc' dir='ltr'><em>οὐδείς</em></span> <span class='ocrx_word' id='word_1_175' title='bbox 1017 1594 1076 1619; x_wconf 83' lang='grc' dir='ltr'><em>κω</em></span> <span class='ocrx_word' id='word_1_176' title='bbox 1110 1576 1212 1633; x_wconf 78' lang='grc' dir='ltr'><em>παρ’</em></span> <span class='ocrx_word' id='word_1_177' title='bbox 1229 1577 1364 1635; x_wconf 81' lang='grc' dir='ltr'><em>ἡμέας</em></span> <span class='ocrx_word' id='word_1_178' title='bbox 1391 1576 1541 1629; x_wconf 73' lang='grc' dir='ltr'><em>αὐτῶν,</em></span> 
     </span>
     <span class='ocr_line' id='line_1_22' title="bbox 175 1642 1545 1702; baseline 0.001 -15"><span class='ocrx_word' id='word_1_179' title='bbox 175 1645 258 1699; x_wconf 72' lang='grc' dir='ltr'><em>ἔχω</em></span> <span class='ocrx_word' id='word_1_180' title='bbox 298 1645 344 1687; x_wconf 80' lang='grc' dir='ltr'><em>δὲ</em></span> <span class='ocrx_word' id='word_1_181' title='bbox 376 1647 501 1700; x_wconf 83' lang='grc' dir='ltr'><em>χρέος</em></span> <span class='ocrx_word' id='word_1_182' title='bbox 538 1643 677 1687; x_wconf 83' lang='grc' dir='ltr'><em>εἰπεῖν</em></span> <span class='ocrx_word' id='word_1_183' title='bbox 715 1642 838 1687; x_wconf 75' lang='grc' dir='ltr'><em>οὐδὲν</em></span> <span class='ocrx_word' id='word_1_184' title='bbox 881 1643 1036 1701; x_wconf 78' lang='grc' dir='ltr'><em>ἀνδρὸς</em></span> <span class='ocrx_word' id='word_1_185' title='bbox 1062 1643 1274 1702; x_wconf 77' lang='grc' dir='ltr'><em>Ἕλληνος.</em></span> <span class='ocrx_word' id='word_1_186' title='bbox 1342 1645 1462 1702; x_wconf 79' lang='grc' dir='ltr'><em>ὅμως</em></span> <span class='ocrx_word' id='word_1_187' title='bbox 1500 1646 1545 1688; x_wconf 83' lang='grc' dir='ltr'><em>δὲ</em></span> 
     </span>
     <span class='ocr_line' id='line_1_23' title="bbox 176 1711 1541 1769; baseline 0 -14"><span class='ocrx_word' id='word_1_188' title='bbox 176 1711 307 1755; x_wconf 75' lang='grc' dir='ltr'><em>αὖτὸν</em></span> <span class='ocrx_word' id='word_1_189' title='bbox 332 1713 550 1768; x_wconf 84' lang='grc' dir='ltr'><em>παράγετε</em></span> <span class='ocrx_word' id='word_1_190' title='bbox 577 1711 681 1764; x_wconf 72' lang='grc' dir='ltr'><em>ἔσω,</em></span> <span class='ocrx_word' id='word_1_191' title='bbox 715 1712 786 1754; x_wconf 80' lang='grc' dir='ltr'><em>ἵνα</em></span> <span class='ocrx_word' id='word_1_192' title='bbox 812 1712 936 1755; x_wconf 78' lang='grc' dir='ltr'><em>εἰδέω</em></span> <span class='ocrx_word' id='word_1_193' title='bbox 962 1716 1005 1755; x_wconf 88' lang='grc' dir='ltr'><em>τί</em></span> <span class='ocrx_word' id='word_1_194' title='bbox 1030 1712 1194 1756; x_wconf 76' lang='grc' dir='ltr'><em>ἐθέλων</em></span> <span class='ocrx_word' id='word_1_195' title='bbox 1227 1716 1339 1769; x_wconf 87' lang='grc' dir='ltr'><em>λέγει</em></span> <span class='ocrx_word' id='word_1_196' title='bbox 1364 1711 1541 1756; x_wconf 79' lang='grc' dir='ltr'><em>ταῦτα.”</em></span> 
     </span>
     <span class='ocr_line' id='line_1_24' title="bbox 176 1777 1542 1837; baseline -0.001 -13"><span class='ocrx_word' id='word_1_197' title='bbox 176 1784 343 1837; x_wconf 76' lang='grc' dir='ltr'><em>παρῆγε</em></span> <span class='ocrx_word' id='word_1_198' title='bbox 370 1777 392 1823; x_wconf 89' lang='lat'><em>5</em></span> <span class='ocrx_word' id='word_1_199' title='bbox 419 1777 637 1834; x_wconf 82' lang='grc' dir='ltr'><em>πυλουρὸς</em></span> <span class='ocrx_word' id='word_1_200' title='bbox 661 1778 735 1822; x_wconf 86' lang='grc' dir='ltr'><em>τὸν</em></span> <span class='ocrx_word' id='word_1_201' title='bbox 760 1783 1037 1832; x_wconf 87' lang='grc' dir='ltr'><em>Συλοσῶντα,</em></span> <span class='ocrx_word' id='word_1_202' title='bbox 1073 1781 1232 1824; x_wconf 85' lang='grc' dir='ltr'><em>στάντα</em></span> <span class='ocrx_word' id='word_1_203' title='bbox 1267 1782 1313 1824; x_wconf 72' lang='grc' dir='ltr'><em>δὲ</em></span> <span class='ocrx_word' id='word_1_204' title='bbox 1344 1781 1386 1833; x_wconf 75' lang='grc' dir='ltr'><em>ἐς</em></span> <span class='ocrx_word' id='word_1_205' title='bbox 1411 1785 1542 1835; x_wconf 86' lang='grc' dir='ltr'><em>μέσον</em></span> 
     </span>
     <span class='ocr_line' id='line_1_25' title="bbox 176 1846 1545 1930; baseline 0 -40"><span class='ocrx_word' id='word_1_206' title='bbox 176 1848 378 1903; x_wconf 81' lang='grc' dir='ltr'><em>εἷρώτεον</em></span> <span class='ocrx_word' id='word_1_207' title='bbox 405 1847 447 1890; x_wconf 82' lang='grc' dir='ltr'><em>οἱ</em></span> <span class='ocrx_word' id='word_1_208' title='bbox 472 1846 669 1903; x_wconf 78' lang='grc' dir='ltr'><em>ἑρμηνέες</em></span> <span class='ocrx_word' id='word_1_209' title='bbox 692 1851 758 1898; x_wconf 88' lang='grc' dir='ltr'><em>τίς</em></span> <span class='ocrx_word' id='word_1_210' title='bbox 782 1865 829 1890; x_wconf 82' lang='grc' dir='ltr'><em>τε</em></span> <span class='ocrx_word' id='word_1_211' title='bbox 855 1849 918 1904; x_wconf 78' lang='grc' dir='ltr'><em>εἴη</em></span> <span class='ocrx_word' id='word_1_212' title='bbox 946 1850 1015 1891; x_wconf 80' lang='grc' dir='ltr'><em>καὶ</em></span> <span class='ocrx_word' id='word_1_213' title='bbox 1042 1854 1085 1891; x_wconf 84' lang='grc' dir='ltr'><em>τί</em></span> <span class='ocrx_word' id='word_1_214' title='bbox 1109 1850 1298 1906; x_wconf 81' lang='grc' dir='ltr'><em>ποιήσας</em></span> <span class='ocrx_word' id='word_1_215' title='bbox 1324 1847 1545 1930; x_wconf 75' lang='grc' dir='ltr'><em>εὐεργέτης</em></span> 
     </span>
     <span class='ocr_line' id='line_1_26' title="bbox 176 1910 1545 1974; baseline 0 -16"><span class='ocrx_word' id='word_1_216' title='bbox 176 1918 286 1974; x_wconf 89' lang='grc' dir='ltr'><em>φησὶ</em></span> <span class='ocrx_word' id='word_1_217' title='bbox 312 1914 422 1958; x_wconf 79' lang='grc' dir='ltr'><em>εἶναι</em></span> <span class='ocrx_word' id='word_1_218' title='bbox 445 1914 663 1969; x_wconf 87' lang='grc' dir='ltr'><em>βασιλέος.</em></span> <span class='ocrx_word' id='word_1_219' title='bbox 703 1913 800 1958; x_wconf 82' lang='grc' dir='ltr'><em>εἷπε</em></span> <span class='ocrx_word' id='word_1_220' title='bbox 827 1910 932 1958; x_wconf 66' lang='grc' dir='ltr'><em>ῶνς</em></span> <span class='ocrx_word' id='word_1_221' title='bbox 912 1934 933 1959; x_wconf 94' lang='grc' dir='ltr'><em>ο</em></span> <span class='ocrx_word' id='word_1_222' title='bbox 960 1918 1166 1959; x_wconf 87' lang='grc' dir='ltr'><em>Συλοσων</em></span> <span class='ocrx_word' id='word_1_223' title='bbox 1192 1918 1338 1960; x_wconf 86' lang='grc' dir='ltr'><em>πάντα</em></span> <span class='ocrx_word' id='word_1_224' title='bbox 1363 1916 1416 1959; x_wconf 85' lang='grc' dir='ltr'><em>τὰ</em></span> <span class='ocrx_word' id='word_1_225' title='bbox 1444 1933 1545 1972; x_wconf 86' lang='grc' dir='ltr'><em>περι</em></span> 
     </span>
     <span class='ocr_line' id='line_1_27' title="bbox 178 1982 1542 2040; baseline 0.001 -14"><span class='ocrx_word' id='word_1_226' title='bbox 178 1983 249 2040; x_wconf 81' lang='grc' dir='ltr'><em>τὴν</em></span> <span class='ocrx_word' id='word_1_227' title='bbox 273 1984 453 2037; x_wconf 88' lang='grc' dir='ltr'><em>χλανίδα</em></span> <span class='ocrx_word' id='word_1_228' title='bbox 482 1983 706 2038; x_wconf 77' lang='grc' dir='ltr'><em>γενόμενα,</em></span> <span class='ocrx_word' id='word_1_229' title='bbox 745 1986 817 2026; x_wconf 79' lang='grc' dir='ltr'><em>καὶ</em></span> <span class='ocrx_word' id='word_1_230' title='bbox 849 1982 908 2035; x_wconf 84' lang='grc' dir='ltr'><em>ῶς</em></span> <span class='ocrx_word' id='word_1_231' title='bbox 934 1982 1064 2035; x_wconf 76' lang='grc' dir='ltr'><em>αὐτὸς</em></span> <span class='ocrx_word' id='word_1_232' title='bbox 1090 1985 1154 2040; x_wconf 89' lang='grc' dir='ltr'><em>ειή</em></span> <span class='ocrx_word' id='word_1_233' title='bbox 1183 1984 1341 2035; x_wconf 84' lang='grc' dir='ltr'><em>εκεῖνος</em></span> <span class='ocrx_word' id='word_1_234' title='bbox 1373 1983 1395 2026; x_wconf 88' lang='lat'><em>5</em></span> <span class='ocrx_word' id='word_1_235' title='bbox 1430 1985 1542 2035; x_wconf 85' lang='grc' dir='ltr'><em>δούς.</em></span> 
     </span>
     <span class='ocr_line' id='line_1_28' title="bbox 176 2049 1542 2108; baseline 0 -14"><span class='ocrx_word' id='word_1_236' title='bbox 176 2049 403 2105; x_wconf 82' lang='grc' dir='ltr'><em>ἆιιείβεται</em></span> <span class='ocrx_word' id='word_1_237' title='bbox 434 2049 547 2105; x_wconf 84' lang='grc' dir='ltr'><em>πρὸς</em></span> <span class='ocrx_word' id='word_1_238' title='bbox 581 2055 720 2093; x_wconf 85' lang='grc' dir='ltr'><em>ταῦτα</em></span> <span class='ocrx_word' id='word_1_239' title='bbox 750 2051 978 2107; x_wconf 60' lang='grc' dir='ltr'><em>,Δαρεῖοςί</em></span> <span class='ocrx_word' id='word_1_240' title='bbox 982 2050 1034 2094; x_wconf 68' lang='grc' dir='ltr'><em>εῶ</em></span> <span class='ocrx_word' id='word_1_241' title='bbox 1072 2051 1339 2108; x_wconf 74' lang='grc' dir='ltr'><em>γενναιότατ’</em></span> <span class='ocrx_word' id='word_1_242' title='bbox 1364 2051 1542 2107; x_wconf 79' lang='grc' dir='ltr'><em>ἇνδρῶι,</em></span> 
     </span>
     <span class='ocr_line' id='line_1_29' title="bbox 176 2117 1547 2173; baseline 0 -10"><span class='ocrx_word' id='word_1_243' title='bbox 176 2119 229 2163; x_wconf 74' lang='grc' dir='ltr'><em>σὺ</em></span> <span class='ocrx_word' id='word_1_244' title='bbox 257 2118 416 2170; x_wconf 83' lang='grc' dir='ltr'><em>εκεῖνος</em></span> <span class='ocrx_word' id='word_1_245' title='bbox 441 2117 503 2170; x_wconf 81' lang='grc' dir='ltr'><em>εἷς</em></span> <span class='ocrx_word' id='word_1_246' title='bbox 528 2119 577 2170; x_wconf 84' lang='grc' dir='ltr'><em>ὃς</em></span> <span class='ocrx_word' id='word_1_247' title='bbox 603 2119 699 2162; x_wconf 79' lang='grc' dir='ltr'><em>ἒιιοὶ</em></span> <span class='ocrx_word' id='word_1_248' title='bbox 725 2117 931 2162; x_wconf 81' lang='grc' dir='ltr'><em>ουδειιίαν</em></span> <span class='ocrx_word' id='word_1_249' title='bbox 964 2119 1104 2173; x_wconf 77' lang='grc' dir='ltr'><em>ἔχοντί</em></span> <span class='ocrx_word' id='word_1_250' title='bbox 1134 2138 1193 2163; x_wconf 83' lang='grc' dir='ltr'><em>κω</em></span> <span class='ocrx_word' id='word_1_251' title='bbox 1228 2121 1407 2163; x_wconf 67' lang='grc' dir='ltr'><em>δύναμιν</em></span> <span class='ocrx_word' id='word_1_252' title='bbox 1441 2120 1547 2163; x_wconf 82' lang='grc' dir='ltr'><em>ε’δω-</em></span> 
     </span>
     <span class='ocr_line' id='line_1_30' title="bbox 176 2180 1546 2267; baseline 0 -38"><span class='ocrx_word' id='word_1_253' title='bbox 176 2205 271 2239; x_wconf 81' lang='grc' dir='ltr'><em>κας,</em></span> <span class='ocrx_word' id='word_1_254' title='bbox 305 2204 343 2230; x_wconf 90' lang='grc' dir='ltr'><em>ει</em></span> <span class='ocrx_word' id='word_1_255' title='bbox 368 2189 440 2229; x_wconf 82' lang='grc' dir='ltr'><em>καὶ</em></span> <span class='ocrx_word' id='word_1_256' title='bbox 466 2189 638 2243; x_wconf 83' lang='grc' dir='ltr'><em>σιιικρά,</em></span> <span class='ocrx_word' id='word_1_257' title='bbox 667 2185 756 2229; x_wconf 71' lang='grc' dir='ltr'><em>αλλ’</em></span> <span class='ocrx_word' id='word_1_258' title='bbox 775 2180 833 2228; x_wconf 80' lang='grc' dir='ltr'><em>ῶν</em></span> <span class='ocrx_word' id='word_1_259' title='bbox 858 2187 929 2243; x_wconf 89' lang='grc' dir='ltr'><em>ι’ση</em></span> <span class='ocrx_word' id='word_1_260' title='bbox 956 2203 1002 2243; x_wconf 87' lang='grc' dir='ltr'><em>γε</em></span> <span class='ocrx_word' id='word_1_261' title='bbox 1028 2186 1051 2243; x_wconf 83' lang='grc' dir='ltr'>ἡ</span> <span class='ocrx_word' id='word_1_262' title='bbox 1076 2189 1202 2245; x_wconf 85' lang='grc' dir='ltr'><em>χάρις</em></span> <span class='ocrx_word' id='word_1_263' title='bbox 1234 2186 1398 2243; x_wconf 74' lang='grc' dir='ltr'><em>ὁμοίως</em></span> <span class='ocrx_word' id='word_1_264' title='bbox 1425 2186 1489 2267; x_wconf 50' lang='grc' dir='ltr'><em>ῶς)</em></span> <span class='ocrx_word' id='word_1_265' title='bbox 1510 2188 1546 2230; x_wconf 80' lang='grc' dir='ltr'><em>εἰ</em></span> 
     </span>
     <span class='ocr_line' id='line_1_31' title="bbox 177 2252 1547 2311; baseline -0.001 -13"><span class='ocrx_word' id='word_1_266' title='bbox 177 2260 250 2298; x_wconf 82' lang='grc' dir='ltr'><em>νῦν</em></span> <span class='ocrx_word' id='word_1_267' title='bbox 274 2254 406 2297; x_wconf 83' lang='grc' dir='ltr'><em>κοθέν</em></span> <span class='ocrx_word' id='word_1_268' title='bbox 430 2272 474 2298; x_wconf 91' lang='grc' dir='ltr'><em>τι</em></span> <span class='ocrx_word' id='word_1_269' title='bbox 498 2258 608 2310; x_wconf 87' lang='grc' dir='ltr'><em>ιιέγα</em></span> <span class='ocrx_word' id='word_1_270' title='bbox 639 2255 831 2308; x_wconf 83' lang='grc' dir='ltr'><em>λάβοιιιι.</em></span> <span class='ocrx_word' id='word_1_271' title='bbox 895 2253 981 2298; x_wconf 71' lang='grc' dir='ltr'><em>ἀντ’</em></span> <span class='ocrx_word' id='word_1_272' title='bbox 1000 2256 1058 2297; x_wconf 83' lang='grc' dir='ltr'><em>ῶν</em></span> <span class='ocrx_word' id='word_1_273' title='bbox 1082 2273 1152 2298; x_wconf 89' lang='grc' dir='ltr'><em>τοι</em></span> <span class='ocrx_word' id='word_1_274' title='bbox 1181 2255 1340 2311; x_wconf 82' lang='grc' dir='ltr'><em>χρυσὸν</em></span> <span class='ocrx_word' id='word_1_275' title='bbox 1372 2257 1443 2297; x_wconf 83' lang='grc' dir='ltr'><em>καὶ</em></span> <span class='ocrx_word' id='word_1_276' title='bbox 1471 2252 1547 2310; x_wconf 78' lang='grc' dir='ltr'><em>ἄρ-</em></span> 
     </span>
     <span class='ocr_line' id='line_1_32' title="bbox 177 2320 1548 2379; baseline -0.001 -15"><span class='ocrx_word' id='word_1_277' title='bbox 177 2339 307 2378; x_wconf 83' lang='grc' dir='ltr'><em>γυρον</em></span> <span class='ocrx_word' id='word_1_278' title='bbox 321 2320 507 2365; x_wconf 76' lang='grc' dir='ltr'><em>ἄπλετον</em></span> <span class='ocrx_word' id='word_1_279' title='bbox 528 2323 699 2375; x_wconf 85' lang='grc' dir='ltr'><em>δίδωμι,</em></span> <span class='ocrx_word' id='word_1_280' title='bbox 724 2320 782 2372; x_wconf 86' lang='grc' dir='ltr'><em>ῶς</em></span> <span class='ocrx_word' id='word_1_281' title='bbox 801 2323 859 2379; x_wconf 76' lang='grc' dir='ltr'><em>μή</em></span> <span class='ocrx_word' id='word_1_282' title='bbox 880 2322 979 2365; x_wconf 78' lang='grc' dir='ltr'><em>κοτέ</em></span> <span class='ocrx_word' id='word_1_283' title='bbox 991 2340 1060 2365; x_wconf 91' lang='grc' dir='ltr'><em>τοι</em></span> <span class='ocrx_word' id='word_1_284' title='bbox 1073 2323 1345 2379; x_wconf 74' lang='grc' dir='ltr'><em>ιιεταιιελήση</em></span> <span class='ocrx_word' id='word_1_285' title='bbox 1365 2330 1548 2378; x_wconf 83' lang='grc' dir='ltr'><em>Δαρεῖον</em></span> 
     </span>
     <span class='ocr_line' id='line_1_33' title="bbox 179 2383 1548 2446; baseline 0.001 -15"><span class='ocrx_word' id='word_1_286' title='bbox 179 2389 253 2432; x_wconf 81' lang='grc' dir='ltr'><em>τὸν</em></span> <span class='ocrx_word' id='word_1_287' title='bbox 274 2387 534 2440; x_wconf 69' lang='grc' dir='ltr'><em>Ὑστάσπεος</em></span> <span class='ocrx_word' id='word_1_288' title='bbox 559 2383 604 2431; x_wconf 80' lang='grc' dir='ltr'><em>εὖ</em></span> <span class='ocrx_word' id='word_1_289' title='bbox 632 2388 889 2446; x_wconf 76' lang='grc' dir='ltr'><em>ποιησαντιῖ</em></span> <span class='ocrx_word' id='word_1_290' title='bbox 892 2388 1056 2446; x_wconf 85' lang='grc' dir='ltr'><em>λέγει</em></span> <span class='ocrx_word' id='word_1_291' title='bbox 1081 2390 1192 2445; x_wconf 81' lang='grc' dir='ltr'><em>πρὸς</em></span> <span class='ocrx_word' id='word_1_292' title='bbox 1212 2394 1347 2432; x_wconf 88' lang='grc' dir='ltr'><em>ταῦτα</em></span> <span class='ocrx_word' id='word_1_293' title='bbox 1368 2388 1390 2433; x_wconf 88' lang='lat'><em>5</em></span> <span class='ocrx_word' id='word_1_294' title='bbox 1412 2392 1548 2432; x_wconf 87' lang='grc' dir='ltr'><em>Συλο-</em></span> 
     </span>
     <span class='ocr_line' id='line_1_34' title="bbox 181 2454 1544 2513; baseline 0.001 -14"><span class='ocrx_word' id='word_1_295' title='bbox 181 2461 269 2499; x_wconf 86' lang='grc' dir='ltr'><em>σῶν</em></span> <span class='ocrx_word' id='word_1_296' title='bbox 289 2454 416 2510; x_wconf 66' lang='lat' dir='ltr'><em>“Z-uo}</em></span> <span class='ocrx_word' id='word_1_297' title='bbox 443 2457 550 2512; x_wconf 78' lang='grc' dir='ltr'><em>ιιήτε</em></span> <span class='ocrx_word' id='word_1_298' title='bbox 572 2457 743 2511; x_wconf 89' lang='grc' dir='ltr'><em>χρυσόν,</em></span> <span class='ocrx_word' id='word_1_299' title='bbox 772 2458 806 2498; x_wconf 66' lang='lat' dir='ltr'><em>a}</em></span> <span class='ocrx_word' id='word_1_300' title='bbox 831 2459 1032 2510; x_wconf 83' lang='grc' dir='ltr'><em>βασιλεῦ,</em></span> <span class='ocrx_word' id='word_1_301' title='bbox 1066 2474 1173 2513; x_wconf 86' lang='grc' dir='ltr'><em>μητε</em></span> <span class='ocrx_word' id='word_1_302' title='bbox 1199 2474 1382 2513; x_wconf 86' lang='grc' dir='ltr'><em>αργυρον</em></span> <span class='ocrx_word' id='word_1_303' title='bbox 1409 2458 1544 2509; x_wconf 88' lang='grc' dir='ltr'><em>δίδου,</em></span> 
     </span>
     <span class='ocr_line' id='line_1_35' title="bbox 182 2522 1549 2581; baseline 0.001 -14"><span class='ocrx_word' id='word_1_304' title='bbox 182 2522 271 2567; x_wconf 77' lang='grc' dir='ltr'><em>ἄλλ</em></span> <span class='ocrx_word' id='word_1_305' title='bbox 290 2522 627 2577; x_wconf 83' lang='grc' dir='ltr'><em>ανασωσάιιενός</em></span> <span class='ocrx_word' id='word_1_306' title='bbox 651 2540 728 2578; x_wconf 91' lang='grc' dir='ltr'><em>μοι</em></span> <span class='ocrx_word' id='word_1_307' title='bbox 747 2542 821 2580; x_wconf 89' lang='grc' dir='ltr'><em>την</em></span> <span class='ocrx_word' id='word_1_308' title='bbox 842 2525 1033 2579; x_wconf 88' lang='grc' dir='ltr'><em>πατρίδα</em></span> <span class='ocrx_word' id='word_1_309' title='bbox 1052 2526 1210 2579; x_wconf 76' lang='grc' dir='ltr'><em>Σάμον,</em></span> <span class='ocrx_word' id='word_1_310' title='bbox 1238 2543 1314 2581; x_wconf 90' lang='grc' dir='ltr'><em>την</em></span> <span class='ocrx_word' id='word_1_311' title='bbox 1332 2529 1404 2568; x_wconf 81' lang='grc' dir='ltr'><em>νῦν</em></span> <span class='ocrx_word' id='word_1_312' title='bbox 1424 2523 1549 2568; x_wconf 78' lang='grc' dir='ltr'><em>ἀδελ-</em></span> 
     </span>
     <span class='ocr_line' id='line_1_36' title="bbox 182 2590 1545 2676; baseline 0.001 -42"><span class='ocrx_word' id='word_1_313' title='bbox 182 2596 292 2676; x_wconf 86' lang='grc' dir='ltr'><em>φεοῦ</em></span> <span class='ocrx_word' id='word_1_314' title='bbox 323 2596 399 2634; x_wconf 89' lang='grc' dir='ltr'><em>τοῦ</em></span> <span class='ocrx_word' id='word_1_315' title='bbox 432 2591 537 2646; x_wconf 76' lang='grc' dir='ltr'><em>ἐμοῦ</em></span> <span class='ocrx_word' id='word_1_316' title='bbox 570 2592 869 2648; x_wconf 86' lang='grc' dir='ltr'><em>Πολυκράτεος</em></span> <span class='ocrx_word' id='word_1_317' title='bbox 907 2590 1216 2644; x_wconf 76' lang='grc' dir='ltr'><em>ἀποθανόντος</em></span> <span class='ocrx_word' id='word_1_318' title='bbox 1252 2590 1328 2636; x_wconf 70' lang='grc' dir='ltr'><em>ὑπ’</em></span> <span class='ocrx_word' id='word_1_319' title='bbox 1354 2591 1545 2650; x_wconf 77' lang='grc' dir='ltr'><em>Ὀροίτεω</em></span> 
     </span>
     <span class='ocr_line' id='line_1_37' title="bbox 183 2657 1549 2718; baseline 0.001 -16"><span class='ocrx_word' id='word_1_320' title='bbox 183 2660 268 2713; x_wconf 77' lang='grc' dir='ltr'><em>&gt;ε’χει</em></span> <span class='ocrx_word' id='word_1_321' title='bbox 296 2660 449 2711; x_wconf 89' lang='grc' dir='ltr'><em>δοῦλος</em></span> <span class='ocrx_word' id='word_1_322' title='bbox 474 2657 697 2716; x_wconf 75' lang='grc' dir='ltr'><em>ἡμέτερος,</em></span> <span class='ocrx_word' id='word_1_323' title='bbox 732 2660 891 2718; x_wconf 82' lang='grc' dir='ltr'><em>ταύτην</em></span> <span class='ocrx_word' id='word_1_324' title='bbox 915 2677 992 2714; x_wconf 91' lang='grc' dir='ltr'><em>μοι</em></span> <span class='ocrx_word' id='word_1_325' title='bbox 1018 2660 1092 2711; x_wconf 81' lang='grc' dir='ltr'><em>δὸς</em></span> <span class='ocrx_word' id='word_1_326' title='bbox 1119 2658 1217 2703; x_wconf 74' lang='grc' dir='ltr'><em>ἄνευ</em></span> <span class='ocrx_word' id='word_1_327' title='bbox 1242 2677 1288 2703; x_wconf 91' lang='grc' dir='ltr'><em>τε</em></span> <span class='ocrx_word' id='word_1_328' title='bbox 1315 2661 1450 2717; x_wconf 89' lang='grc' dir='ltr'><em>φόνου</em></span> <span class='ocrx_word' id='word_1_329' title='bbox 1476 2663 1549 2704; x_wconf 84' lang='grc' dir='ltr'><em>καὶ</em></span> 
     </span>
    </p>
   </div>
   <div class='ocr_carea' id='block_1_2' title="bbox 1571 848 1618 873">
    <p class='ocr_par' dir='ltr' id='par_1_2' title="bbox 1571 848 1618 873">
     <span class='ocr_line' id='line_1_38' title="bbox 1571 848 1618 873; baseline 0 0"><span class='ocrx_word' id='word_1_330' title='bbox 1571 848 1618 873; x_wconf 83' lang='grc'><em>140</em></span> 
     </span>
    </p>
   </div>
   <div class='ocr_carea' id='block_1_3' title="bbox 183 2725 1621 2786">
    <p class='ocr_par' dir='ltr' id='par_1_3' title="bbox 183 2725 1621 2786">
     <span class='ocr_line' id='line_1_39' title="bbox 183 2725 1621 2786; baseline 0.001 -16"><span class='ocrx_word' id='word_1_331' title='bbox 183 2726 611 2786; x_wconf 65' lang='grc' dir='ltr'><em>ἐξανδραποδίσιος.ῃ</em></span> <span class='ocrx_word' id='word_1_332' title='bbox 674 2732 811 2771; x_wconf 86' lang='grc' dir='ltr'><em>ταῦτα</em></span> <span class='ocrx_word' id='word_1_333' title='bbox 855 2725 1043 2780; x_wconf 78' lang='grc' dir='ltr'><em>ἀκούσας</em></span> <span class='ocrx_word' id='word_1_334' title='bbox 1086 2736 1270 2784; x_wconf 90' lang='grc' dir='ltr'><em>Δαρεῖος</em></span> <span class='ocrx_word' id='word_1_335' title='bbox 1311 2727 1548 2772; x_wconf 77' lang='grc' dir='ltr'><em>ἀπέστελλε</em></span> <span class='ocrx_word' id='word_1_336' title='bbox 1574 2744 1621 2768; x_wconf 75' lang='grc'><em>141</em></span> 
     </span>
    </p>
   </div>
  </div>
 </body>
</html>
