1794 3282
472 275 787 310 ΗΡΟΔΟΤΟΥ
817 276 857 309 Δ.
883 275 1029 310 49—51.
1357 263 1442 306 263

70 353 184 400 τρεῖς
211 342 336 387 ἄλλοι
361 344 544 400 μεγάλοι
576 345 742 401 ῥέοντες
775 343 886 400 πρὸς
916 347 1071 400 βορέην
1099 341 1253 397 ἄνεμον
1286 342 1442 397 ἐσβάλ-

70 415 194 456 λουσι
226 411 268 462 ές
300 410 448 463 αῦτόν,
485 409 631 463 Ἄτλας
662 414 733 454 καὶ
764 410 912 467 Αὔρας
942 414 1013 454 καὶ
1049 415 1227 466 Τίβισις.
1291 409 1364 454 διὰ
1397 411 1442 453 δὲ

73 483 254 536 Θρηίκης
284 481 356 522 καὶ
390 484 580 536 Θρηίκων
610 484 696 523 τῶν
729 480 961 534 Κροβύζων
994 478 1163 536 ῥέοντες
1185 477 1341 534 Ἄθρυς
1371 480 1443 520 καὶ

71 548 190 604 Νόης
214 549 285 590 καὶ
307 544 506 604 Άρτάνης
533 547 752 590 ἐκδιδοῦσι
785 547 826 598 ἒς
851 546 925 590 τὸν
942 545 1125 604 Ἴστρον·
1165 546 1208 589 ἐκ
1235 547 1280 589 δὲ
1306 546 1444 590 Παιό-

73 632 156 658 νων
181 617 252 657 καὶ
279 612 427 671 οὔρεος
443 613 649 671 Ῥοδόπης
668 619 795 666 Σκιός
821 614 1020 670 ποταμὸς
1038 618 1170 669 μέσον
1197 614 1350 668 σχίζων
1370 613 1443 656 τὸν

73 681 215 737 Αἶμον
242 681 407 725 ἐκδιδοῖ
426 682 468 734 ἐς
489 681 631 725 αῦτόν.
672 681 944 740 «ἓξ-’Ἰλλυριῶν
966 684 1011 726 δὲ
1032 684 1138 739 ῥέων
1159 681 1271 739 πρὸς
1289 685 1443 738 βορέην

78 749 233 804 ἄνεμον
257 748 426 806 ἰὲῐγγρος
459 749 660 805 ποταμὸς
692 749 893 804 ἐσβάλλει
925 749 967 801 ἐς
999 750 1151 793 πεδίον
1182 749 1230 793 τὸ
1263 752 1444 807 Τριβαλ-

77 817 194 860 λικὸν
215 820 285 860 καὶ
307 817 350 869 ἐς
368 817 568 872 ποταμὸν
581 818 785 875 Βρόγγον,
810 816 832 861 5
849 819 893 861 δὲ
908 818 1101 875 Βρόγγος
1121 817 1163 868 ἒς
1182 815 1443 873 τὸνἼστρον·

79 882 191 928 ου’τω
219 883 494 942 ἀμφοτέρους
521 885 669 936 ἐόντας
693 887 908 941 ιιεγά2οις
935 884 956 928 5
974 884 1138 940 Ἴστρος
1164 886 1345 927 δέκεται.
1402 883 1445 926 ἐκ

78 953 125 995 δὲ
148 957 223 1009 τῆς
248 970 350 995 κατι
343 953 499 1009 ’περθε
521 954 664 1009 χώρης
686 951 915 1007 Ὀμ3ρικιῦν
940 953 1115 1009 Κάρπις
1148 949 1348 1005 ποταιιὸς
1374 952 1445 992 καὶ

77 1019 208 1070 άλλος
228 1018 373 1071 Α2πις
405 1020 518 1076 πρὸς
547 1024 702 1077 βορέην
736 1019 890 1073 ἄνειιον
922 1022 994 1062 καὶ
1028 1020 1150 1062 οὗτοι
1182 1020 1349 1075 ῥέοντες
1381 1017 1446 1060 έκ-

77 1087 293 1130 διδοῦσι’
276 1105 318 1138 ες
344 1086 487 1130 αῦτόν.
549 1086 637 1144 ῥέει
661 1086 741 1144 γὰρ
770 1086 819 1143 δη
847 1086 920 1130 διὰ
951 1087 1097 1142 πάσης
1127 1091 1202 1142 τῆς
1227 1084 1446 1141 Εἰρώπης

76 1153 99 1197 5
118 1152 296 1210 Ἴστρος,
338 1153 575 1212 ἀρξάμενος
607 1154 651 1197 ἐκ
681 1156 866 1207 Κελτῶν,
901 1157 944 1197 οἳ
975 1153 1149 1207 ἔσχατοι
1180 1152 1292 1208 πρὸς
1323 1151 1444 1209 ἡλίου

77 1223 272 1276 δυσμέων
297 1221 406 1275 μετὰ
426 1222 621 1278 Κύνητας
642 1222 833 1266 οἰκέουσι
852 1226 937 1265 τῶν
963 1221 1005 1265 ἓν
1025 1226 1075 1278 τῇ
1095 1219 1312 1278 Εὐρώπῃ·
1340 1221 1447 1278 ῥέων

77 1291 124 1333 δὲ
150 1289 223 1332 διὰ
249 1290 393 1345 πάσης
423 1294 500 1346 τῆς
525 1287 745 1346 Εὐρώπης
777 1289 819 1341 ἐς
851 1289 906 1333 τὰ
932 1290 1099 1346 πλάγια
1129 1293 1205 1346 τῆς
1230 1293 1447 1345 Σκυθικῆς

76 1357 289 1412 ἐσβάλλει.
327 1358 493 1400 τούτων
521 1351 579 1400 ὦν
604 1362 689 1400 τῶν
710 1359 1061 1411 καταλεχθέντων
1080 1359 1151 1399 καὶ
1172 1354 1313 1399 ἄλλων
1337 1358 1445 1400 πολ-

75 1427 161 1467 λῶν
189 1427 551 1479 συμβαλλομένων
581 1424 631 1468 τὸ
666 1428 875 1482 σφέτερον
901 1422 1019 1479 ὕδωρ
1050 1430 1213 1481 γίνεται
1245 1422 1267 1467 5
1286 1422 1448 1482 Ἴστρος

75 1496 288 1547 ποταμῶν
312 1495 533 1548 μέγιστος,
569 1491 666 1534 ἐπεὶ
692 1489 809 1546 ὕδωρ
837 1509 882 1548 γε
910 1493 951 1534 ἓν
977 1493 1088 1549 πρὸς
1120 1493 1161 1535 ἓν
1188 1493 1449 1547 συμβάλλειν

77 1558 99 1603 5
126 1562 283 1611 Νεῖλος
308 1560 477 1616 πλήθεϊ
502 1558 785 1616 ἀποκρατέει·
813 1559 856 1611 ἐς
880 1559 960 1616 γὰρ
988 1559 1038 1616 δὴ
1063 1564 1215 1603 τοῦτον
1241 1558 1340 1603 οὔτε
1365 1577 1449 1603 πο-

77 1627 213 1682 ταιιὸς
240 1626 338 1670 ου’τε
364 1628 491 1684 κρήνη
521 1625 703 1681 οὐδεμία
730 1626 965 1671 ἐσδιδοῦσα
997 1626 1040 1678 ἐς
1065 1628 1242 1684 πλῆθός
1274 1627 1316 1671 οἷ
1341 1643 1445 1682 συμ-

75 1697 297 1750 βάλλεται.
359 1696 453 1746 ἰ’σος
492 1696 538 1738 δὲ
570 1695 654 1738 αἰεὶ
687 1696 775 1753 ῥέει
807 1695 848 1739 έν
879 1712 924 1738 τε
956 1699 1083 1751 θέρεϊ
1112 1697 1184 1738 καὶ
1213 1700 1395 1750 χειμῶνι
1425 1693 1447 1739 5

69 1762 233 1846 Ἴστρος
258 1780 366 1806 κατα
386 1764 555 1806 τοιόνδε
575 1781 629 1814 τι,
659 1761 718 1814 ὦς
739 1763 835 1806 έιιοι
856 1764 1007 1806 δοκέει.
1045 1768 1122 1807 τοῦ
1144 1781 1220 1818 μεν
1236 1764 1450 1819 χειμῶνός

79 1848 172 1874 εστι
204 1828 308 1882 όσος
339 1835 421 1888 πέρ
455 1847 566 1882 εστι,
602 1828 733 1887 ὀλίγῳ
760 1848 806 1874 τε
831 1831 969 1885 μέζων
994 1835 1070 1887 τῆς
1101 1831 1265 1874 ἑωυτοῦ
1292 1848 1450 1888 φισιος

77 1904 259 1955 γίνεται·
288 1896 409 1941 ὕεται
428 1898 509 1955 γὰρ
529 1896 552 1955 ἡ
573 1903 624 1954 γη
646 1896 752 1954 αὕτη
773 1902 849 1941 τοῦ
867 1903 1080 1953 χειμῶνος
1099 1899 1287 1953 πάμπαν
1302 1897 1447 1956 ὀλίγῳ,

79 1971 242 2024 νιφετῷ
270 1967 316 2009 δὲ
341 1967 486 2009 πάντα
506 1970 678 2021 χρᾶται.
728 1970 803 2008 τοῦ
832 1967 878 2009 δὲ
902 1970 1060 2022 θέρεος
1085 1965 1109 2024 ἡ
1133 1966 1240 2020 χιὼν
1270 1965 1295 2024 ἡ
1323 1967 1364 2010 ἕν
1389 1972 1449 2023 τῷ

76 2038 258 2088 χειμῶνι
283 2038 494 2085 πεσοῦσα,
525 2032 657 2077 ἐοῦσα
684 2031 962 2091 ἀμφιλαφής,
991 2038 1198 2091 τηκομένη
1225 2035 1450 2078 πάντοθεν

81 2102 252 2145 ἐσδιδοῖ
280 2101 322 2152 ἐς
352 2100 427 2144 τὸν
444 2099 626 2157 Ἴστρον·
665 2098 772 2158 αὕτη
806 2119 851 2145 τε
883 2101 933 2158 δὴ
966 2100 990 2158 ἡ
1015 2101 1121 2156 χιιὺν
1148 2102 1384 2146 ἐσδιδοῦσα
1410 2102 1453 2154 ἒς

82 2168 211 2213 αὐτὸν
238 2169 521 2225 συμπληθύει
546 2171 618 2212 καὶ
644 2167 802 2225 ὄμβροι
827 2172 986 2213 πολλοί
1015 2187 1060 2213 τε
1086 2172 1155 2213 καὶ
1187 2171 1344 2227 λάβροι
1376 2170 1452 2214 σὺν

83 2236 212 2293 αὐτῇ·
250 2234 319 2279 ῧει
349 2235 429 2293 γὰρ
463 2236 513 2292 δι’]
545 2236 594 2279 τὸ
626 2241 773 2294 θέρος.
837 2235 926 2294 ὅσῳ
962 2238 1008 2280 δὲ
1039 2240 1171 2281 πλέον
1204 2237 1274 2281 ἐπ’
1293 2238 1452 2282 ἑωυτὸν

86 2301 202 2360 ὕδωρ
236 2302 258 2346 5
291 2301 411 2359 ἣλιος
443 2304 669 2347 ἐπέλκεται
701 2304 742 2347 ἐν
773 2309 833 2361 τῶ
872 2305 999 2362 θέρεϊ
1028 2303 1053 2360 ἢ
1085 2304 1127 2348 ἓν
1162 2309 1224 2361 τῴ
1258 2309 1450 2359 χειμῶνι,

83 2371 280 2427 τοσούτῳ
312 2370 366 2413 τὰ
400 2372 728 2426 συμμισγόμενα
759 2376 819 2428 τῷ
838 2370 987 2428 Ἴστρῳ
1021 2372 1334 2428 πολλαπλήσιά
1361 2372 1454 2416 ἔστι

84 2443 160 2482 τοῦ
194 2442 349 2495 θέρεος
380 2435 491 2494 ἤπερ
522 2442 598 2481 τοῦ
628 2443 860 2492 χειμῶνος·
899 2437 1206 2493 ἀντιτιθέμενα
1239 2440 1286 2482 δὲ
1316 2445 1455 2484 ταῦτα

85 2506 374 2562 ἀντισήκωσις
398 2510 572 2560 γίνεται,
602 2503 713 2549 ὥστε
739 2507 832 2549 ἴσον
852 2524 923 2560 μιν
943 2506 1029 2549 αἰεὶ
1050 2511 1294 2564 φαίνεσθαι
1315 2507 1453 2553 ἐόντα.

173 2573 253 2624 Εἷς
271 2574 346 2627 μὲν
367 2572 415 2629 δη
437 2577 522 2616 τῶν
543 2578 753 2627 ποταμῶν
772 2583 889 2617 τοῖσι
910 2575 1109 2631 Σκυθ-,ησί
1129 2573 1221 2617 ἔστι
1242 2572 1451 2632 ὃἿστρος,

86 2642 196 2698 μετὰ
224 2642 269 2684 δὲ
294 2645 444 2684 τοῦτον
464 2641 608 2697 Τύρης,
637 2641 685 2691 ὃς
705 2638 795 2684 άπὸ
815 2645 955 2698 βορέω
975 2643 1052 2697 μὲν
1073 2640 1230 2696 ἀνέμου
1252 2641 1452 2699 ὁρμᾶται,

89 2708 265 2765 ἄρχεται
292 2709 337 2751 δὲ
363 2710 470 2764 ῥέων
497 2708 540 2750 ἐκ
566 2711 714 2764 λίμνης
738 2709 925 2765 μεγάλης
950 2709 974 2766 ἢ
1003 2708 1162 2765 οὐρίζει
1186 2710 1261 2767 τήν
1282 2727 1328 2754 τε
1347 2719 1455 2755 Σκυ-

89 2776 219 2833 θικὴν
249 2779 320 2819 καὶ
350 2775 424 2832 την
450 2777 641 2829 Νευρίδα
671 2780 759 2833 γῆν.
823 2776 896 2820 ἐπὶ
931 2778 978 2820 δὲ
1010 2782 1070 2834 τῴ
1104 2778 1289 2833 στόματι
1322 2777 1455 2823 αὐτοῦ

1471 1369 1503 1395 50

1479 2589 1511 2616 51
