1794 3282
510 255 823 290 ΗΡΟΔΟΤΟΥ
849 255 892 289 Δ.
922 255 1066 290 72-75,
1389 244 1470 285 271

103 324 207 378 τοὺς
247 325 416 375 ἵππους
457 327 757 367 κατατείνουσι
801 324 843 375 ἒς
878 322 928 367 τὸ
970 323 1147 380 πρόσθε
1192 321 1351 374 αὐτῶν,
1402 323 1474 365 καὶ

107 393 274 437 ἔπειτεν
300 392 344 436 ἐκ
368 393 608 435 πασσάλων
642 393 804 435 δέουσι.
858 396 944 434 τιῦν
977 392 1022 434 δὲ
1054 390 1104 447 δὴ
1136 395 1363 447 νεηνίσκων
1387 394 1473 433 τῶν

106 460 502 517 ἀποπεπνιγμένων
533 464 620 503 τιῦν
650 460 916 516 πεντήκοντα
949 459 1020 502 ἕνα
1053 458 1231 502 ἕκαστον
1263 456 1474 513 ἀναβιβά-

105 529 228 582 ζουσι
259 527 332 571 ἐπὶ
364 528 438 571 τὸν
471 528 623 579 ἵππον,
659 521 744 570 ὦδε
771 525 1121 582 ἀναβιβάζοντες·
1163 525 1294 570 ἐπεὰν
1324 531 1472 581 νεκροῦ

106 596 287 640 ἑκάστου
315 595 436 653 παρὰ
461 595 535 651 τὴν
562 593 758 638 ἄκανθαν
785 595 909 646 ξύλον
930 593 1067 651 ὀρθὸν
1094 595 1329 637 διελάσωσι
1349 598 1474 650 μέχρι

105 669 182 708 τοῦ
212 665 443 721 τραχήλου,
484 664 682 706 κάτωθεν
711 662 794 720 [δὲ]
822 660 1022 718 ὑπερέχει
1052 667 1129 706 τοῦ
1157 663 1283 714 ςύλου
1316 663 1470 705 τούτου

104 732 153 776 τὸ
193 731 234 783 ἐς
266 733 426 787 τόρμον
458 731 700 788 πηγνύουσι
736 735 812 774 τοῦ
846 730 990 788 ἑτέρου
1025 731 1152 780 ξύλου
1185 734 1260 773 τοῦ
1294 729 1367 773 διὰ
1397 734 1474 772 τοῦ

105 801 262 844 ἵππου.
325 799 638 855 ἐπιστήσαντες
670 799 716 841 δὲ
746 799 884 854 κύκλῳ
911 797 960 842 τὸ
989 803 1105 854 σῆμα
1133 798 1297 849 ἱππέας
1327 798 1475 841 τοιού-

104 885 204 919 τους
232 865 540 911 ἀπελαύνουσι.
604 863 715 910 οὕτω
747 867 823 920 μὲν
854 866 954 917 τοὺς
983 865 1192 920 βασιλέας
1223 866 1473 908 θάπτουσι”
1500 878 1533 902 73

105 936 205 987 τοὺς
238 936 284 978 δὲ
316 934 472 986 ἄλλους
497 935 692 986 Σκύθας,
728 933 859 976 ἐπεὰν
892 932 1178 986 ἀποθάνωσι,
1212 934 1474 990 περιάγουσι

106 1004 148 1047 οἱ
173 1002 395 1059 ἀγχοτάτω
429 1003 720 1059 προσήκοντες
751 1000 860 1044 κατὰ
891 1000 991 1052 τοὺς
1023 1003 1179 1058 φίλους
1213 1000 1254 1043 ἓν
1282 999 1476 1057 ἁμάξῃσι

104 1075 342 1125 κειμένους,
388 1074 472 1113 τιῦν
505 1070 550 1111 δὲ
589 1068 767 1120 ἕκαστος
803 1067 1125 1122 ὑποδεκόμενος
1164 1067 1338 1121 εὐωχέει
1374 1066 1476 1118 τους

106 1138 357 1192 ἑπομένους,
379 1139 450 1179 καὶ
468 1141 530 1193 τῷ
550 1141 680 1192 νεκρῷ
701 1136 877 1179 πάντων
898 1139 1147 1192 παρατιθεῐ
1163 1140 1249 1178 τῶν
1268 1138 1339 1178 καὶ
1358 1144 1476 1178 τοῖσι

105 1203 291 1249 ἄλλοισι.
329 1202 496 1262 ἡμέρας
521 1204 568 1247 δὲ
586 1201 901 1260 τεσσεράκοντα
922 1201 1034 1246 οὕτω
1057 1203 1098 1246 οἱ
1119 1203 1295 1246 ἰδιῶται
1320 1204 1477 1258 περιά-

103 1290 270 1331 γονται,
322 1272 489 1316 ἔπειτεν
530 1272 798 1315 θάπτονται.
865 1272 1096 1327 θάψαντες
1141 1272 1188 1314 δὲ
1225 1271 1267 1314 οἱ
1301 1271 1476 1315 Σκύθαι

104 1345 396 1396 καθαίρονται
415 1340 568 1396 τρόπῳ
587 1340 759 1396 τοιῷδε.
805 1340 1076 1396 σμησάμενοι
1096 1338 1172 1391 τὰς
1194 1338 1386 1396 κεφαλὰς
1405 1341 1477 1381 καὶ

107 1409 418 1463 ἐκπλυνάμενοι
449 1411 628 1451 ποιεῦσι
659 1409 761 1462 περὶ
791 1406 840 1450 τὸ
875 1412 1002 1462 σῶμα
1031 1408 1149 1450 τάδε.
1207 1406 1339 1450 ἐπεὰν
1371 1408 1477 1459 ξύλα

107 1477 303 1529 στήσωσι
332 1479 432 1531 τρία
464 1475 506 1526 ἐς
538 1472 701 1531 ἄλληλα
731 1476 972 1529 κεκλιμένα,
1011 1477 1115 1530 περὶ
1151 1479 1288 1518 ταῦτα
1319 1477 1476 1526 πίλους

107 1545 314 1601 εἰρινέους
356 1547 667 1600 περιτείνουσι,
720 1543 1048 1600 συμφράξαντες
1091 1543 1137 1585 δὲ
1180 1540 1238 1593 (ὗς
1284 1543 1477 1596 μάλιστα

107 1615 264 1664 λίθους
295 1611 339 1655 ἔκ
370 1609 510 1668 πυρὸς
542 1611 781 1668 διαφανέας
812 1610 1074 1665 ἐσβάλλουσι
1112 1609 1154 1661 ἒς
1186 1610 1355 1667 σκάφην
1390 1627 1478 1653 κει-

106 1684 234 1737 μένην
260 1678 301 1723 ἕν
326 1678 446 1735 μέσῳ
471 1683 557 1721 τιῦν
584 1679 719 1731 ξύλων
744 1695 790 1721 τε
815 1681 888 1722 καὶ
911 1683 997 1721 τιῦν
1022 1679 1176 1721 πίλων.
1217 1677 1309 1721 ἔστι
1329 1678 1376 1720 δέ
1396 1694 1477 1734 σφι
1503 1691 1535 1716 74

107 1748 310 1802 κάνναβις
335 1751 526 1804 φυομένη
554 1746 596 1789 ἕν
620 1751 671 1804 τῇ
695 1747 813 1803 χώρῃ
840 1745 950 1803 πλὴν
975 1746 1221 1803 παχύτητος
1250 1748 1321 1788 καὶ
1345 1747 1479 1802 μεγά-

107 1820 217 1867 θεος
241 1820 303 1872 τῴ
331 1817 431 1872 λίνῳ
460 1814 779 1872 ἐμφερεστάτη·
816 1814 950 1871 ταύτῃ
985 1815 1030 1857 δὲ
1056 1815 1206 1870 πολλῷ
1239 1811 1479 1871 ὑπερφέρει

107 1881 132 1940 ἡ
159 1883 373 1939 κάνναβις.
425 1879 532 1939 αὕτη
558 1884 630 1925 καὶ
656 1880 878 1939 αὐτομάτη
910 1883 982 1924 καὶ
1009 1885 1270 1938 σπειρομένη
1303 1882 1475 1938 φύεται,

108 1953 180 1994 καὶ
218 1950 265 2003 ἐξ
299 1949 429 2007 αὐτῆς
468 1950 643 2007 Θρήικες
678 1952 754 2004 μὲν
791 1952 863 1992 καὶ
899 1949 1057 2004 εἵματα
1093 1954 1320 1992 ποιεῦνται
1362 1957 1480 1993 τοῖσι

108 2020 289 2062 λινέοισι
316 2015 578 2073 ὁμοιότατα·
619 2016 711 2061 οὐδ)
731 2015 794 2069 ἄν,
831 2015 952 2069 ὅστις
975 2016 1033 2074 μὴ
1059 2018 1197 2072 κάρτα
1227 2021 1387 2072 τρίβων
1413 2018 1477 2073 εἰἠ

110 2084 258 2144 αὐτῆς,
299 2087 493 2143 διαγνοίη
525 2088 642 2129 λίνου
674 2084 701 2142 ἢ
731 2085 962 2141 καννάβιός
993 2084 1105 2128 ἐστι·
1145 2084 1193 2137 ὃς
1226 2085 1272 2128 δὲ
1301 2082 1359 2141 μὴ
1393 2083 1481 2128 εἶδέ

107 2172 167 2198 κω
193 2153 268 2212 τὴν
293 2155 539 2209 κανναβίδα,
568 2156 704 2197 λίνεον
732 2154 906 2211 δοκήσει
931 2151 1042 2196 εἶναι
1066 2152 1116 2197 τὸ
1145 2152 1260 2207 εἷμα.
1315 2153 1475 2209 ταύτης
1502 2164 1533 2191 75

111 2217 168 2266 ὦν
201 2223 243 2265 οἱ
271 2222 445 2266 Σκύθαι
475 2226 551 2279 τῆς
580 2222 810 2277 καννάβιος
842 2220 890 2265 τὸ
924 2224 1099 2278 σπέρμα
1131 2220 1262 2264 ἐπεὰν
1294 2221 1476 2275 λάβωσι,

108 2288 379 2334 ὑποδύνουσι
402 2287 490 2333 ὑπὸ
516 2289 616 2341 τοὺς
642 2292 799 2341 πίλους
823 2291 896 2332 καὶ
921 2288 1090 2332 ἔπειτεν
1117 2287 1408 2342 ἐπιβάλλουσι
1426 2286 1476 2330 τὸ

111 2357 287 2413 σπέρμα
313 2357 386 2401 ἐπὶ
411 2356 512 2408 τοὺς
539 2357 776 2414 διαφανέας
807 2358 964 2406 λίθους
988 2360 1050 2411 τῷ
1075 2359 1202 2410 πυρί·
1239 2354 1288 2398 τὸ
1323 2356 1369 2398 δὲ
1393 2359 1479 2398 θυ-

109 2430 266 2479 μιᾶται
297 2424 637 2480 ἐπιβαλλόμενον
667 2426 740 2467 καὶ
778 2422 940 2478 ἀτμίδα
976 2426 1214 2478 παρέχεται
1249 2423 1476 2479 τοσαύτην,

112 2491 224 2537 ὥστε
246 2491 458 2550 Ἑλληνικὴ
492 2490 674 2546 οὐδεμία
706 2489 756 2534 ἄν
787 2508 859 2545 μιν
885 2494 1017 2547 πυρίη
1051 2481 1384 2547 ἀποκρατήσειε.
1436 2491 1478 2533 οἱ

112 2562 159 2605 δὲ
182 2561 356 2604 Σκύθαι
381 2559 588 2617 ἀγάμενοι
612 2564 664 2616 τῇ
690 2563 824 2615 πυρίῃ
852 2556 1079 2614 ὠρύονται.
1128 2557 1257 2601 τοῦτό
1280 2573 1362 2615 σφι
1383 2555 1477 2601 ἀντὶ

111 2630 294 2685 λουτροῦ
327 2627 438 2672 ἐστι·
477 2626 526 2671 οὗ
553 2626 634 2684 γὰρ
667 2626 717 2683 δὴ
750 2628 924 2669 λοῦνται
950 2623 1077 2669 ὕδατι
1106 2625 1156 2669 τὸ
1188 2625 1402 2681 παράπαν
1426 2624 1476 2670 τὸ

114 2701 252 2752 σῶμα.
309 2696 354 2739 αἱ
386 2696 432 2739 δὲ
462 2704 656 2752 γυναῖκες
689 2692 829 2738 αὐτῶν
860 2691 977 2749 ὕδωρ
1009 2697 1309 2750 παραχέουσαι
1344 2710 1477 2736 κατα-

114 2764 305 2818 σώχουσι
336 2765 437 2821 περὶ
469 2765 597 2807 λίθον
627 2761 781 2819 τρηχὺν
812 2767 888 2819 τῆς
919 2766 1191 2821 κυπαρίσσου
1223 2763 1294 2805 καὶ
1324 2760 1475 2817 κέδρου
