1794 3282
308 249 392 292 286
695 252 1009 289 ΗΡΟΔΟΤΟΥ
1038 253 1081 287 Δ.
1107 252 1297 288 114-118,

669 321 680 336 ³
731 320 751 336 >X

310 328 425 370 τάδε.
459 324 614 381 αἡμεῖς
634 340 710 366 ουκ
724 340 774 366 αν
796 323 1041 377 δυναίμεθα
1062 320 1215 365 οἰκέειν
1233 319 1341 376 μετὰ
1355 324 1439 364 τῶν
1460 318 1677 378 ὑμετέρων

308 396 536 449 γυναικῶν·
564 389 611 434 οὗ
626 390 706 448 γὰρ
725 390 779 434 τὰ
794 389 904 434 αὐτὰ
917 390 1077 445 νόμαια
1096 387 1197 445 ἡμῖν
1216 405 1262 432 τε
1282 390 1354 431 καὶ
1367 387 1550 446 ἐκείνῃσί
1570 387 1675 432 ἔστι.

312 459 433 516 ἡμεῖς
457 459 533 514 μὲν
558 459 787 513 τοξεύομέν
812 475 857 501 τε
882 460 955 500 καὶ
981 455 1258 511 ἀκοντίζομεν
1277 458 1350 499 καὶ
1371 456 1674 511 ἱππαζόμεθα,

310 527 412 584 ἐ’ργα
437 528 483 570 δὲ
507 527 732 583 γυναικήια
758 524 834 569 οὒκ
854 525 1099 581 ἐμάθομεν·
1127 524 1172 567 αἱ
1194 524 1240 566 δὲ
1260 522 1464 581 ὑμέτεραι
1483 532 1678 580 γυναῖκες

310 596 474 638 τούτων
503 595 579 649 μὲν
612 592 734 637 οῦδὲν
766 598 851 637 τῶν
876 591 999 650 ἡμεῖς
1030 594 1311 646 κατελέξαμεν
1342 595 1536 644 ποιεῦσι,
1577 591 1679 646 ἔργα

313 663 358 705 δὲ
383 663 609 719 γυναικήια
635 661 885 718 ἐργάζονται
910 664 1119 715 μένουσαι
1152 659 1193 702 ἒν
1217 664 1318 716 τῇσι
1344 657 1555 715 ἁμάξῃσι,
1589 656 1675 701 οὔτ’

313 729 385 774 ἐπὶ
411 730 554 787 θήρην
581 729 728 773 ἰοῦσαι
755 726 853 772 οὕτε
880 726 986 785 ἄλλῃ
1014 726 1194 784 οὐδαμῇ.
1251 725 1327 770 οὐκ
1359 725 1410 770 ἂν
1442 721 1501 770 ὦν
1534 727 1679 770 δυναι-

312 801 434 852 μεθα
466 796 650 853 ἐκείνῃσι
683 797 1004 853 συμφέρεσθαι.
1061 792 1150 838 ἀλλ>
1169 794 1207 838 εἰ
1230 795 1449 850 βούλεσθε
1479 802 1682 850 γυναῖκας

318 868 425 921 ἔχειν
450 866 585 923 ἡμέας
605 868 676 909 καὶ
698 867 860 910 δοκέειν
881 866 990 910 εἶναι
1011 867 1185 918 δίκαιοι,
1215 866 1418 918 ἐλθόντες
1437 865 1559 923 παρὰ
1578 870 1678 918 τοὺς

317 938 468 985 τοκέας
500 933 743 988 ἀπολάχετε
773 938 858 976 τῶν
889 935 1115 990 κτημάτων
1145 933 1196 977 τὸ
1227 934 1374 989 μέρος,
1412 935 1485 977 καὶ
1510 933 1677 978 ἔπειτεν

240 1014 289 1040 115
317 1000 519 1051 ἐλθόντες
535 1000 738 1055 οἰκέωμεν
754 999 819 1044 ἐπ’
831 998 973 1057 ἡμέων
988 997 1189 1044 αὖτέων.”
1224 999 1457 1044 ἐπείθοντο
1473 1002 1545 1044 καὶ
1559 1000 1682 1043 ἐποί-

317 1087 336 1125 η
346 1084 423 1111 σαν
448 1072 585 1111 ταῦτα
612 1068 654 1111 οἱ
671 1072 896 1125 νεηνίσκοι.
936 1067 1080 1111 ἐπείτε
1101 1068 1146 1110 δὲ
1167 1066 1460 1121 ἀπολαχόντες
1479 1073 1565 1111 τιῦν
1583 1085 1682 1125 κτη-

315 1137 463 1190 μάτων
494 1135 543 1179 τὸ
575 1135 808 1190 ἐπιβάλλον
841 1129 978 1191 ἦλθον
1011 1132 1156 1178 ὀπίσω
1182 1134 1305 1191 παρὰ
1336 1135 1414 1186 τὰς
1434 1134 1679 1189 Ἀμαζόνας,

317 1204 460 1256 ἔλεξαν
488 1203 534 1246 αἱ
557 1211 751 1259 γυναῖκες
775 1201 888 1259 πρὸς
913 1200 1069 1254 αὐτοὺς
1093 1202 1210 1246 τάδε.
1244 1200 1411 1259 ((ἡμέας
1437 1202 1521 1256 ἐ’χει
1541 1203 1683 1260 φόβος

315 1288 361 1314 τε
386 1273 459 1314 καὶ
485 1272 593 1323 δέος,
621 1268 733 1321 ὅκως
755 1269 833 1326 χρὴ
865 1269 1017 1313 οἰκέειν
1044 1269 1085 1313 ἐν
1104 1271 1216 1327 τῷδε
1234 1275 1294 1327 τῷ
1311 1270 1440 1327 χώρῳ
1459 1274 1586 1313 τοῦτο
1605 1272 1680 1325 μὲν

315 1337 450 1394 ὑμέας
481 1337 846 1395 ἀποστερησάσας
878 1337 1097 1394 πατέρων,
1135 1342 1265 1380 τοῦτο
1305 1338 1351 1380 δὲ
1386 1336 1460 1394 τὴν
1497 1342 1572 1394 γῆν
1609 1338 1684 1394 τὴν

316 1406 521 1463 ὑμετέρην
549 1406 845 1461 δηλησαμένας
870 1406 1027 1448 πολλά.
1078 1402 1166 1447 ἀλλ’
1186 1404 1330 1447 ἐπείτε
1356 1402 1530 1457 ἀξιοῦτε
1550 1403 1685 1461 ἡμέας

315 1482 517 1530 γυναῖκας
538 1472 657 1526 ἔχειν,
679 1472 783 1515 τάδε
803 1476 976 1515 ποιέετε
999 1470 1089 1526 ἅμα
1110 1469 1228 1528 ἡμῖν·
1255 1475 1408 1529 φέρετε
1423 1471 1687 1525 ἐξαναστέω-

315 1559 391 1596 μεν
429 1541 473 1584 {z
502 1545 578 1596 τῆς
607 1544 683 1597 γῆς
714 1540 844 1596 τῆσδε
880 1541 952 1583 καὶ
990 1540 1258 1597 περήσαντες
1293 1540 1448 1583 Τάναϊν
1483 1540 1683 1596 ποταμὸν

242 1623 291 1649 116
318 1606 562 1663 οἷκέωμεν.”
617 1607 852 1650 ἐπείθοντο
881 1610 952 1651 καὶ
977 1612 1114 1651 ταῦτα
1140 1608 1182 1651 οἱ
1206 1612 1430 1665 νεηνίσκοι,
1460 1608 1686 1663 διαβάντες

319 1678 365 1720 δὲ
394 1675 468 1720 τὸν
504 1675 659 1719 Τάναϊν
692 1673 964 1732 (ὁδοιπόρεον
996 1674 1108 1733 πρὸς
1140 1672 1262 1732 ἣλιον
1295 1674 1524 1730 ἀνίσχοντα
1555 1681 1685 1734 τριῶν

315 1746 391 1800 μὲν
416 1743 607 1801 ἡμερέων
640 1741 730 1786 ἀπὸ
757 1747 833 1786 τοῦ
864 1744 1074 1796 Τανάϊδος
1100 1741 1214 1796 ὁδόν,
1248 1748 1378 1801 τριιῦν
1411 1745 1457 1787 δὲ
1494 1742 1584 1788 ἀπὸ
1610 1748 1686 1800 τῆς

317 1815 467 1869 λίμνης
497 1816 573 1868 τῆς
599 1812 840 1868 Μαιήτιδος
871 1811 983 1868 πρὸς
1012 1815 1166 1869 βορέην
1199 1810 1367 1867 ἄνεμον.
1429 1811 1687 1867 ἀπικόμενοι

319 1881 365 1923 δὲ
392 1880 433 1931 ἐς
457 1884 611 1923 τοῦτον
641 1878 716 1922 τὸν
738 1884 879 1934 χῶρον
912 1879 954 1922 ἒν
985 1884 1047 1936 τῷ
1072 1884 1143 1922 νῦν
1174 1883 1467 1933 κατοικέαται,
1510 1881 1685 1937 οἴκησαν

318 1952 483 1991 τοῦτον.
533 1948 606 1989 καὶ
633 1947 776 2003 διαίτῃ
804 1945 894 1989 ἀπὸ
920 1947 1077 1990 τούτου
1101 1946 1301 2003 χρέονται
1330 1952 1383 2004 τῇ
1408 1951 1575 2005 παλαιῇ
1600 1952 1686 1991 τιῦν

319 2013 636 2072 Σαυροματέων
663 2014 708 2056 αἱ
732 2022 943 2069 γυναῖκες,
977 2016 1048 2056 καὶ
1083 2013 1156 2057 ἐπὶ
1187 2015 1327 2071 θήρην
1355 2012 1594 2059 ἐπ’ἵππων
1620 2015 1685 2058 ἔκ-

320 2085 579 2139 φοιτέουσαι
616 2077 706 2135 ἅμα
743 2089 861 2124 τοῖσι
898 2079 1082 2138 ἀνδράσι
1113 2083 1183 2124 καὶ
1212 2084 1345 2136 χωρὶς
1380 2087 1466 2125 τῶν
1504 2081 1681 2139 ἀνδρῶν,

318 2152 389 2193 καὶ
422 2149 464 2201 ἐς
494 2149 685 2203 πόλεμον
718 2153 994 2205 φοιτέουσαι,
1028 2150 1099 2191 καὶ
1131 2148 1284 2205 στολὴν
1308 2148 1382 2205 τὴν
1414 2147 1544 2205 αὐτὴν
1568 2159 1685 2193 τοῖσι

252 2232 300 2256 11⁷
329 2216 514 2274 ἀνδράσι
545 2215 797 2274 φορέουσαι.
853 2221 975 2273 φωνῇ
1008 2217 1053 2259 δὲ
1086 2216 1126 2259 οἱ
1150 2217 1432 2274 Σαυρομάται
1461 2217 1685 2272 νομίζουσι

319 2289 533 2342 Σκυθικῇ,
568 2286 877 2336 σολοικίζοντες
909 2282 1014 2341 αὐτῇ
1048 2282 1137 2327 ἀπὸ
1169 2289 1247 2327 τοῦ
1280 2283 1479 2342 ἀρχαίου,
1514 2283 1611 2328 ἐπεὶ
1636 2283 1684 2328 οὗ

317 2357 513 2410 χρηστῶς
547 2351 762 2407 ἐξέμαθον
794 2349 924 2408 αὐτὴν
956 2352 1001 2394 αἱ
1028 2349 1264 2406 Ἀμαζόνες.
1320 2351 1375 2395 τὰ
1404 2354 1507 2410 περὶ
1536 2353 1687 2409 γάμων

323 2422 368 2465 δὲ
401 2415 486 2464 ῑῦδέ
517 2436 598 2478 σφι
635 2421 870 2463 διακέεται·
910 2418 958 2463 οὗ
997 2424 1204 2476 γαμέεται
1242 2423 1467 2477 παρθένος
1505 2418 1688 2475 οὐδεμία

322 2491 424 2546 πρὶν
440 2487 489 2531 ἂν
502 2492 588 2531 τῶν
606 2490 828 2543 πολεμίων
844 2485 978 2543 ἄνδρα
993 2486 1223 2545 ἀποκτείνῃ
1236 2501 1244 2511 ·
1273 2488 1318 2530 αἴ
1332 2489 1379 2531 δέ
1398 2505 1510 2539 τινες
1524 2486 1688 2532 αὐτέων

322 2559 393 2600 καὶ
423 2558 693 2600 τελευτέουσι
728 2557 904 2611 γηραιαὶ
941 2557 1043 2613 πρὶν
1078 2556 1329 2613 γήμασθαι,
1370 2554 1419 2598 οὗ
1454 2556 1688 2612 δυνάμεναι

324 2624 397 2668 τὸν
422 2625 552 2679 νόμον
580 2623 804 2680 ἐκπλῆσαι.

252 2707 301 2732 118
405 2690 501 2735 Ἐπὶ
520 2692 684 2735 τούτων
705 2684 763 2734 ὦν
782 2695 868 2734 τῶν
887 2693 1238 2745 καταλεχθέντων
1259 2690 1422 2735 ἐθνέων
1441 2691 1544 2744 τοὺς
1561 2695 1690 2747 βασι-

326 2763 425 2812 λέας
462 2758 718 2814 ἁλισμένους
763 2757 1022 2815 ἀπικόμενοι
1064 2764 1149 2803 τιῦν
1186 2763 1392 2803 Σκυθέων
1430 2760 1472 2802 οἱ
1515 2757 1698 2815 ἄγγελοι
