<?xml version="1.0" encoding="UTF-8"?>
<!DOCTYPE html PUBLIC "-//W3C//DTD XHTML 1.0 Transitional//EN"
    "http://www.w3.org/TR/xhtml1/DTD/xhtml1-transitional.dtd">
<html xmlns="http://www.w3.org/1999/xhtml" xml:lang="en" lang="en">
 <head>
  <title>
</title>
<meta http-equiv="Content-Type" content="text/html;charset=utf-8" />
  <meta name='ocr-system' content='tesseract 3.04.00' />
  <meta name='ocr-capabilities' content='ocr_page ocr_carea ocr_par ocr_line ocrx_word'/>
</head>
<body>
  <div class='ocr_page' id='page_1' title='image "./herodotihistori01herouoft_0067.png"; bbox 0 0 1794 3282; ppageno 0'>
   <div class='ocr_carea' id='block_1_1' title="bbox 89 227 1472 2695">
    <p class='ocr_par' dir='ltr' id='par_1_1' title="bbox 89 227 1464 1656">
     <span class='ocr_line' id='line_1_1' title="bbox 492 227 1455 274; baseline -0.006 0"><span class='ocrx_word' id='word_1_1' title='bbox 492 238 806 274; x_wconf 69' lang='grc' dir='ltr'><strong>ΗΡΟΔΟΤΟΥ</strong></span> <span class='ocrx_word' id='word_1_2' title='bbox 836 238 878 272; x_wconf 82' lang='grc' dir='ltr'><em>Α.</em></span> <span class='ocrx_word' id='word_1_3' title='bbox 902 237 1049 272; x_wconf 75' lang='lat'><strong>27—30.</strong></span> <span class='ocrx_word' id='word_1_4' title='bbox 1403 227 1455 268; x_wconf 79' lang='lat'><em>11.</em></span> 
     </span>
     <span class='ocr_line' id='line_1_2' title="bbox 90 304 1457 368; baseline -0.006 -13"><span class='ocrx_word' id='word_1_5' title='bbox 90 310 338 368; x_wconf 82' lang='grc' dir='ltr'><em>ἀπαγωγήν,</em></span> <span class='ocrx_word' id='word_1_6' title='bbox 366 308 414 353; x_wconf 85' lang='grc' dir='ltr'><em>τὸ</em></span> <span class='ocrx_word' id='word_1_7' title='bbox 443 308 642 352; x_wconf 75' lang='grc' dir='ltr'><em>ἐνθεῦτεν</em></span> <span class='ocrx_word' id='word_1_8' title='bbox 664 307 835 351; x_wconf 78' lang='grc' dir='ltr'><em>ἐπενόεε</em></span> <span class='ocrx_word' id='word_1_9' title='bbox 856 310 951 357; x_wconf 91' lang='grc' dir='ltr'><em>νέας</em></span> <span class='ocrx_word' id='word_1_10' title='bbox 970 305 1266 362; x_wconf 74' lang='grc' dir='ltr'><em>ποιησάμενος</em></span> <span class='ocrx_word' id='word_1_11' title='bbox 1293 304 1457 358; x_wconf 76' lang='grc' dir='ltr'><em>ἐπιχει-</em></span> 
     </span>
     <span class='ocr_line' id='line_1_3' title="bbox 90 372 1457 437; baseline -0.004 -15"><span class='ocrx_word' id='word_1_12' title='bbox 90 383 202 437; x_wconf 83' lang='grc' dir='ltr'><em>ρέειν</em></span> <span class='ocrx_word' id='word_1_13' title='bbox 226 386 344 421; x_wconf 86' lang='grc' dir='ltr'><em>τοῖσι</em></span> <span class='ocrx_word' id='word_1_14' title='bbox 368 377 618 433; x_wconf 80' lang='grc' dir='ltr'><em>νησιώτῃσι.</em></span> <span class='ocrx_word' id='word_1_15' title='bbox 676 375 831 418; x_wconf 76' lang='grc' dir='ltr'><em>ἐόντων</em></span> <span class='ocrx_word' id='word_1_16' title='bbox 859 375 905 418; x_wconf 87' lang='grc' dir='ltr'><em>δέ</em></span> <span class='ocrx_word' id='word_1_17' title='bbox 931 374 973 417; x_wconf 81' lang='grc' dir='ltr'><em>οἱ</em></span> <span class='ocrx_word' id='word_1_18' title='bbox 997 374 1172 417; x_wconf 85' lang='grc' dir='ltr'><em>πάντων</em></span> <span class='ocrx_word' id='word_1_19' title='bbox 1204 373 1387 427; x_wconf 82' lang='grc' dir='ltr'><em>ἑτοίμων</em></span> <span class='ocrx_word' id='word_1_20' title='bbox 1414 372 1457 424; x_wconf 77' lang='grc' dir='ltr'><em>ἒς</em></span> 
     </span>
     <span class='ocr_line' id='line_1_4' title="bbox 90 438 1457 504; baseline -0.005 -14"><span class='ocrx_word' id='word_1_21' title='bbox 90 446 164 504; x_wconf 88' lang='grc' dir='ltr'><em>τὴν</em></span> <span class='ocrx_word' id='word_1_22' title='bbox 189 449 439 502; x_wconf 78' lang='grc' dir='ltr'><em>ναυπηγίην,</em></span> <span class='ocrx_word' id='word_1_23' title='bbox 475 444 516 488; x_wconf 83' lang='grc' dir='ltr'><em>οἱ</em></span> <span class='ocrx_word' id='word_1_24' title='bbox 539 445 616 499; x_wconf 75' lang='grc' dir='ltr'><em>μὲν</em></span> <span class='ocrx_word' id='word_1_25' title='bbox 640 449 804 487; x_wconf 83' lang='grc' dir='ltr'><em>Βίαντα</em></span> <span class='ocrx_word' id='word_1_26' title='bbox 829 445 1003 499; x_wconf 88' lang='grc' dir='ltr'><em>λέγουσι</em></span> <span class='ocrx_word' id='word_1_27' title='bbox 1032 441 1106 485; x_wconf 84' lang='grc' dir='ltr'><em>τὸν</em></span> <span class='ocrx_word' id='word_1_28' title='bbox 1131 444 1319 498; x_wconf 77' lang='grc' dir='ltr'><em>Πριηνέα</em></span> <span class='ocrx_word' id='word_1_29' title='bbox 1351 438 1457 483; x_wconf 84' lang='grc' dir='ltr'><em>ἀπι-</em></span> 
     </span>
     <span class='ocr_line' id='line_1_5' title="bbox 90 509 1458 571; baseline -0.004 -14"><span class='ocrx_word' id='word_1_30' title='bbox 90 515 269 569; x_wconf 90' lang='grc' dir='ltr'><em>κόμενον</em></span> <span class='ocrx_word' id='word_1_31' title='bbox 295 513 338 564; x_wconf 78' lang='grc' dir='ltr'><em>ἒς</em></span> <span class='ocrx_word' id='word_1_32' title='bbox 356 514 531 571; x_wconf 87' lang='grc' dir='ltr'><em>Σάρδις,</em></span> <span class='ocrx_word' id='word_1_33' title='bbox 561 512 602 555; x_wconf 83' lang='grc' dir='ltr'><em>οἱ</em></span> <span class='ocrx_word' id='word_1_34' title='bbox 623 513 668 555; x_wconf 83' lang='grc' dir='ltr'><em>δὲ</em></span> <span class='ocrx_word' id='word_1_35' title='bbox 689 511 901 555; x_wconf 83' lang='grc' dir='ltr'><em>Πιττακὸν</em></span> <span class='ocrx_word' id='word_1_36' title='bbox 920 510 994 554; x_wconf 85' lang='grc' dir='ltr'><em>τὸν</em></span> <span class='ocrx_word' id='word_1_37' title='bbox 1014 512 1316 566; x_wconf 76' lang='grc' dir='ltr'><em>Μυτιληναῖον,</em></span> <span class='ocrx_word' id='word_1_38' title='bbox 1345 509 1458 565; x_wconf 82' lang='grc' dir='ltr'><em>εἰρο-</em></span> 
     </span>
     <span class='ocr_line' id='line_1_6' title="bbox 90 576 1457 639; baseline -0.004 -14"><span class='ocrx_word' id='word_1_39' title='bbox 90 586 218 635; x_wconf 87' lang='grc' dir='ltr'><em>μένου</em></span> <span class='ocrx_word' id='word_1_40' title='bbox 235 585 424 639; x_wconf 81' lang='grc' dir='ltr'><em>Κροίσου</em></span> <span class='ocrx_word' id='word_1_41' title='bbox 441 582 536 624; x_wconf 82' lang='grc' dir='ltr'><em>εἴτι</em></span> <span class='ocrx_word' id='word_1_42' title='bbox 551 581 614 637; x_wconf 76' lang='grc' dir='ltr'><em>εἴη</em></span> <span class='ocrx_word' id='word_1_43' title='bbox 630 581 835 636; x_wconf 87' lang='grc' dir='ltr'><em>νεώτερον</em></span> <span class='ocrx_word' id='word_1_44' title='bbox 849 581 950 635; x_wconf 83' lang='grc' dir='ltr'><em>περὶ</em></span> <span class='ocrx_word' id='word_1_45' title='bbox 970 576 1247 635; x_wconf 71' lang='grc' dir='ltr'><em>τὴνἙλλάδα,</em></span> <span class='ocrx_word' id='word_1_46' title='bbox 1276 577 1457 620; x_wconf 82' lang='grc' dir='ltr'><em>εἰπόντα</em></span> 
     </span>
     <span class='ocr_line' id='line_1_7' title="bbox 89 641 1458 706; baseline -0.004 -13"><span class='ocrx_word' id='word_1_47' title='bbox 89 651 195 693; x_wconf 83' lang='grc' dir='ltr'><em>τάδε</em></span> <span class='ocrx_word' id='word_1_48' title='bbox 220 654 501 693; x_wconf 71' lang='grc' dir='ltr'><em>καταπαῦσαι</em></span> <span class='ocrx_word' id='word_1_49' title='bbox 526 648 600 706; x_wconf 67' lang='grc' dir='ltr'><em>τὴν</em></span> <span class='ocrx_word' id='word_1_50' title='bbox 633 652 888 705; x_wconf 72' lang='grc' dir='ltr'><em>ναυπηγίην,</em></span> <span class='ocrx_word' id='word_1_51' title='bbox 917 641 985 689; x_wconf 75' lang='grc' dir='ltr'><em>“ὦ</em></span> <span class='ocrx_word' id='word_1_52' title='bbox 1016 647 1214 700; x_wconf 77' lang='grc' dir='ltr'><em>βασιλεῦ,</em></span> <span class='ocrx_word' id='word_1_53' title='bbox 1248 649 1458 702; x_wconf 77' lang='grc' dir='ltr'><em>νησιῶται</em></span> 
     </span>
     <span class='ocr_line' id='line_1_8' title="bbox 90 713 1456 772; baseline -0.004 -11"><span class='ocrx_word' id='word_1_54' title='bbox 90 718 233 762; x_wconf 77' lang='grc' dir='ltr'><em>ἵππον</em></span> <span class='ocrx_word' id='word_1_55' title='bbox 260 721 543 761; x_wconf 81' lang='grc' dir='ltr'><em>συνωνέονται</em></span> <span class='ocrx_word' id='word_1_56' title='bbox 567 720 733 772; x_wconf 78' lang='grc' dir='ltr'><em>μυρίην,</em></span> <span class='ocrx_word' id='word_1_57' title='bbox 763 716 805 766; x_wconf 76' lang='grc' dir='ltr'><em>ἐς</em></span> <span class='ocrx_word' id='word_1_58' title='bbox 825 715 986 770; x_wconf 88' lang='grc' dir='ltr'><em>Σάρδις</em></span> <span class='ocrx_word' id='word_1_59' title='bbox 1011 731 1057 757; x_wconf 89' lang='grc' dir='ltr'><em>τε</em></span> <span class='ocrx_word' id='word_1_60' title='bbox 1082 715 1153 756; x_wconf 84' lang='grc' dir='ltr'><em>καὶ</em></span> <span class='ocrx_word' id='word_1_61' title='bbox 1179 713 1253 756; x_wconf 78' lang='grc' dir='ltr'><em>ε’πὶ</em></span> <span class='ocrx_word' id='word_1_62' title='bbox 1274 714 1321 756; x_wconf 82' lang='grc' dir='ltr'><em>σὲ</em></span> <span class='ocrx_word' id='word_1_63' title='bbox 1343 713 1456 766; x_wconf 68' lang='grc' dir='ltr'><em>ἔχον-</em></span> 
     </span>
     <span class='ocr_line' id='line_1_9' title="bbox 90 781 1458 841; baseline -0.005 -12"><span class='ocrx_word' id='word_1_64' title='bbox 90 803 160 837; x_wconf 89' lang='grc' dir='ltr'><em>τες</em></span> <span class='ocrx_word' id='word_1_65' title='bbox 186 785 228 829; x_wconf 79' lang='grc' dir='ltr'><em>ἕν</em></span> <span class='ocrx_word' id='word_1_66' title='bbox 253 786 339 841; x_wconf 86' lang='grc' dir='ltr'><em>νόῳ</em></span> <span class='ocrx_word' id='word_1_67' title='bbox 368 782 725 841; x_wconf 73' lang='grc' dir='ltr'><em>στρατεύεσθαι.”</em></span> <span class='ocrx_word' id='word_1_68' title='bbox 776 790 964 838; x_wconf 89' lang='grc' dir='ltr'><em>Κροῖσον</em></span> <span class='ocrx_word' id='word_1_69' title='bbox 992 783 1037 824; x_wconf 78' lang='grc' dir='ltr'><em>δὲ</em></span> <span class='ocrx_word' id='word_1_70' title='bbox 1064 781 1301 824; x_wconf 75' lang='grc' dir='ltr'><em>ἐλπίσαντα</em></span> <span class='ocrx_word' id='word_1_71' title='bbox 1322 782 1458 836; x_wconf 83' lang='grc' dir='ltr'><em>λέγειν</em></span> 
     </span>
     <span class='ocr_line' id='line_1_10' title="bbox 93 848 1458 908; baseline -0.004 -12"><span class='ocrx_word' id='word_1_72' title='bbox 93 853 250 896; x_wconf 76' lang='grc' dir='ltr'><em>ἐκεῖνον</em></span> <span class='ocrx_word' id='word_1_73' title='bbox 277 851 447 908; x_wconf 84' lang='grc' dir='ltr'><em>ἀληθέα</em></span> <span class='ocrx_word' id='word_1_74' title='bbox 473 852 612 894; x_wconf 82' lang='grc' dir='ltr'><em>εἰπεῖν</em></span> <span class='ocrx_word' id='word_1_75' title='bbox 633 849 714 893; x_wconf 55' lang='grc' dir='ltr'><em>((αἳ</em></span> <span class='ocrx_word' id='word_1_76' title='bbox 736 849 816 906; x_wconf 81' lang='grc' dir='ltr'><em>γὰρ</em></span> <span class='ocrx_word' id='word_1_77' title='bbox 842 855 972 893; x_wconf 84' lang='grc' dir='ltr'><em>τοῦτο</em></span> <span class='ocrx_word' id='word_1_78' title='bbox 998 851 1100 892; x_wconf 85' lang='grc' dir='ltr'><em>θεοὶ</em></span> <span class='ocrx_word' id='word_1_79' title='bbox 1124 849 1357 904; x_wconf 74' lang='grc' dir='ltr'><em>ποιήσειαν</em></span> <span class='ocrx_word' id='word_1_80' title='bbox 1385 848 1458 890; x_wconf 75' lang='grc' dir='ltr'><em>ἐπὶ</em></span> 
     </span>
     <span class='ocr_line' id='line_1_11' title="bbox 93 913 1454 999; baseline -0.004 -36"><span class='ocrx_word' id='word_1_81' title='bbox 93 922 191 964; x_wconf 87' lang='grc' dir='ltr'><em>νόον</em></span> <span class='ocrx_word' id='word_1_82' title='bbox 217 921 466 976; x_wconf 73' lang='grc' dir='ltr'><em>νησιώτῃσι,</em></span> <span class='ocrx_word' id='word_1_83' title='bbox 495 918 641 961; x_wconf 79' lang='grc' dir='ltr'><em>ἐλθεῖν</em></span> <span class='ocrx_word' id='word_1_84' title='bbox 668 918 742 961; x_wconf 83' lang='grc' dir='ltr'><em>ε’πὶ</em></span> <span class='ocrx_word' id='word_1_85' title='bbox 760 919 918 999; x_wconf 46' lang='grc' dir='ltr'><em>(Λυδῶν</em></span> <span class='ocrx_word' id='word_1_86' title='bbox 944 918 1109 968; x_wconf 87' lang='grc' dir='ltr'><em>παῖδας</em></span> <span class='ocrx_word' id='word_1_87' title='bbox 1136 915 1211 960; x_wconf 72' lang='grc' dir='ltr'><em>σὺν</em></span> <span class='ocrx_word' id='word_1_88' title='bbox 1231 913 1454 959; x_wconf 78' lang='grc' dir='ltr'><em>ἵπποισι.”</em></span> 
     </span>
     <span class='ocr_line' id='line_1_12' title="bbox 92 980 1459 1042; baseline -0.004 -11"><span class='ocrx_word' id='word_1_89' title='bbox 92 987 166 1032; x_wconf 86' lang='grc' dir='ltr'><em>τὸν</em></span> <span class='ocrx_word' id='word_1_90' title='bbox 199 988 245 1030; x_wconf 81' lang='grc' dir='ltr'><em>δὲ</em></span> <span class='ocrx_word' id='word_1_91' title='bbox 275 985 555 1040; x_wconf 74' lang='grc' dir='ltr'><em>ὗτολαβόντα</em></span> <span class='ocrx_word' id='word_1_92' title='bbox 592 987 730 1042; x_wconf 87' lang='grc' dir='ltr'><em>φάναι</em></span> <span class='ocrx_word' id='word_1_93' title='bbox 760 980 828 1028; x_wconf 56' lang='lat' dir='ltr'><em>‘cg</em></span> <span class='ocrx_word' id='word_1_94' title='bbox 865 987 1065 1040; x_wconf 79' lang='grc' dir='ltr'><em>βασιλεῦ,</em></span> <span class='ocrx_word' id='word_1_95' title='bbox 1104 984 1352 1041; x_wconf 81' lang='grc' dir='ltr'><em>προθύμως</em></span> <span class='ocrx_word' id='word_1_96' title='bbox 1382 1000 1459 1037; x_wconf 87' lang='grc' dir='ltr'><em>ιιοι</em></span> 
     </span>
     <span class='ocr_line' id='line_1_13' title="bbox 94 1051 1460 1114; baseline -0.003 -16"><span class='ocrx_word' id='word_1_97' title='bbox 94 1059 298 1114; x_wconf 87' lang='grc' dir='ltr'><em>φαίνεται</em></span> <span class='ocrx_word' id='word_1_98' title='bbox 339 1052 556 1107; x_wconf 69' lang='grc' dir='ltr'><em>εὔξασθαι</em></span> <span class='ocrx_word' id='word_1_99' title='bbox 598 1054 814 1111; x_wconf 77' lang='grc' dir='ltr'><em>νησιώτας</em></span> <span class='ocrx_word' id='word_1_100' title='bbox 859 1054 1180 1107; x_wconf 65' lang='grc' dir='ltr'><em>ἱππευομένους</em></span> <span class='ocrx_word' id='word_1_101' title='bbox 1228 1054 1374 1107; x_wconf 75' lang='grc' dir='ltr'><em>λαβεῖν</em></span> <span class='ocrx_word' id='word_1_102' title='bbox 1418 1051 1460 1094; x_wconf 74' lang='grc' dir='ltr'><em>ἐν</em></span> 
     </span>
     <span class='ocr_line' id='line_1_14' title="bbox 93 1118 1460 1180; baseline -0.004 -13"><span class='ocrx_word' id='word_1_103' title='bbox 93 1123 274 1180; x_wconf 81' lang='grc' dir='ltr'><em>ἠπείρῳ,</em></span> <span class='ocrx_word' id='word_1_104' title='bbox 298 1122 447 1166; x_wconf 86' lang='grc' dir='ltr'><em>οἰκότα</em></span> <span class='ocrx_word' id='word_1_105' title='bbox 469 1122 665 1175; x_wconf 76' lang='grc' dir='ltr'><em>ἐλπίζων.</em></span> <span class='ocrx_word' id='word_1_106' title='bbox 704 1122 918 1178; x_wconf 82' lang='grc' dir='ltr'><em>νησιώτας</em></span> <span class='ocrx_word' id='word_1_107' title='bbox 940 1122 986 1165; x_wconf 82' lang='grc' dir='ltr'><em>δὲ</em></span> <span class='ocrx_word' id='word_1_108' title='bbox 1004 1126 1048 1165; x_wconf 93' lang='grc' dir='ltr'><em>τί</em></span> <span class='ocrx_word' id='word_1_109' title='bbox 1068 1122 1230 1172; x_wconf 88' lang='grc' dir='ltr'><em>δοκέεις</em></span> <span class='ocrx_word' id='word_1_110' title='bbox 1250 1118 1460 1174; x_wconf 65' lang='grc' dir='ltr'><em>εὔχεσθαι</em></span> 
     </span>
     <span class='ocr_line' id='line_1_15' title="bbox 94 1188 1462 1248; baseline -0.003 -14"><span class='ocrx_word' id='word_1_111' title='bbox 94 1190 198 1234; x_wconf 77' lang='grc' dir='ltr'><em>ἄλλο</em></span> <span class='ocrx_word' id='word_1_112' title='bbox 225 1189 250 1248; x_wconf 81' lang='grc' dir='ltr'><em>ἢ</em></span> <span class='ocrx_word' id='word_1_113' title='bbox 276 1190 420 1234; x_wconf 71' lang='grc' dir='ltr'><em>ἐπείτε</em></span> <span class='ocrx_word' id='word_1_114' title='bbox 444 1191 628 1244; x_wconf 86' lang='grc' dir='ltr'><em>τάχιστα</em></span> <span class='ocrx_word' id='word_1_115' title='bbox 654 1190 877 1233; x_wconf 72' lang='grc' dir='ltr'><em>ἐπύθοντό</em></span> <span class='ocrx_word' id='word_1_116' title='bbox 914 1206 961 1233; x_wconf 90' lang='grc' dir='ltr'><em>σε</em></span> <span class='ocrx_word' id='word_1_117' title='bbox 986 1191 1198 1244; x_wconf 88' lang='grc' dir='ltr'><em>μέλλοντα</em></span> <span class='ocrx_word' id='word_1_118' title='bbox 1230 1188 1305 1231; x_wconf 74' lang='grc' dir='ltr'><em>ἐπὶ</em></span> <span class='ocrx_word' id='word_1_119' title='bbox 1332 1192 1462 1245; x_wconf 88' lang='grc' dir='ltr'><em>σφίσι</em></span> 
     </span>
     <span class='ocr_line' id='line_1_16' title="bbox 94 1256 1459 1316; baseline -0.003 -14"><span class='ocrx_word' id='word_1_120' title='bbox 94 1263 423 1316; x_wconf 66' lang='grc' dir='ltr'><em>ναυπηγέεσθαι</em></span> <span class='ocrx_word' id='word_1_121' title='bbox 442 1263 551 1310; x_wconf 85' lang='grc' dir='ltr'><em>νέας,</em></span> <span class='ocrx_word' id='word_1_122' title='bbox 579 1260 726 1314; x_wconf 83' lang='grc' dir='ltr'><em>λαβεῖν</em></span> <span class='ocrx_word' id='word_1_123' title='bbox 746 1256 973 1315; x_wconf 87' lang='grc' dir='ltr'><em>ἀρεόμενοι</em></span> <span class='ocrx_word' id='word_1_124' title='bbox 986 1256 1158 1308; x_wconf 77' lang='grc' dir='ltr'><em>Λυδοὺς</em></span> <span class='ocrx_word' id='word_1_125' title='bbox 1179 1256 1220 1300; x_wconf 75' lang='grc' dir='ltr'><em>ἓν</em></span> <span class='ocrx_word' id='word_1_126' title='bbox 1239 1257 1459 1313; x_wconf 77' lang='grc' dir='ltr'><em>θαλάσσῃ,</em></span> 
     </span>
     <span class='ocr_line' id='line_1_17' title="bbox 95 1324 1464 1384; baseline -0.003 -14"><span class='ocrx_word' id='word_1_127' title='bbox 95 1327 166 1370; x_wconf 78' lang='grc' dir='ltr'><em>ἵνα</em></span> <span class='ocrx_word' id='word_1_128' title='bbox 191 1325 300 1384; x_wconf 77' lang='grc' dir='ltr'><em>ὑπὲρ</em></span> <span class='ocrx_word' id='word_1_129' title='bbox 326 1331 411 1370; x_wconf 86' lang='grc' dir='ltr'><em>τιῦν</em></span> <span class='ocrx_word' id='word_1_130' title='bbox 438 1327 479 1370; x_wconf 79' lang='grc' dir='ltr'><em>ἒν</em></span> <span class='ocrx_word' id='word_1_131' title='bbox 503 1331 554 1384; x_wconf 80' lang='grc' dir='ltr'><em>τῇ</em></span> <span class='ocrx_word' id='word_1_132' title='bbox 580 1324 747 1384; x_wconf 79' lang='grc' dir='ltr'><em>ἠπείρῳ</em></span> <span class='ocrx_word' id='word_1_133' title='bbox 776 1326 1010 1384; x_wconf 81' lang='grc' dir='ltr'><em>οἰκημένων</em></span> <span class='ocrx_word' id='word_1_134' title='bbox 1024 1324 1230 1382; x_wconf 78' lang='grc' dir='ltr'><em>Ἑλλήνων</em></span> <span class='ocrx_word' id='word_1_135' title='bbox 1255 1328 1464 1368; x_wconf 88' lang='grc' dir='ltr'><em>τίσωνταί</em></span> 
     </span>
     <span class='ocr_line' id='line_1_18' title="bbox 98 1392 1463 1450; baseline -0.004 -11"><span class='ocrx_word' id='word_1_136' title='bbox 98 1412 158 1448; x_wconf 88' lang='grc' dir='ltr'><em>σε,</em></span> <span class='ocrx_word' id='word_1_137' title='bbox 185 1395 288 1446; x_wconf 80' lang='grc' dir='ltr'><em>τοὺς</em></span> <span class='ocrx_word' id='word_1_138' title='bbox 313 1394 363 1438; x_wconf 76' lang='grc' dir='ltr'><em>σὺ</em></span> <span class='ocrx_word' id='word_1_139' title='bbox 392 1395 617 1446; x_wconf 87' lang='grc' dir='ltr'><em>δουλώσας</em></span> <span class='ocrx_word' id='word_1_140' title='bbox 644 1392 807 1448; x_wconf 72' lang='grc' dir='ltr'><em>ε’χεις;”</em></span> <span class='ocrx_word' id='word_1_141' title='bbox 835 1395 970 1450; x_wconf 85' lang='grc' dir='ltr'><em>κάρτα</em></span> <span class='ocrx_word' id='word_1_142' title='bbox 990 1410 1037 1436; x_wconf 92' lang='grc' dir='ltr'><em>τε</em></span> <span class='ocrx_word' id='word_1_143' title='bbox 1062 1392 1257 1450; x_wconf 74' lang='grc' dir='ltr'><em>ἡσθῆναι</em></span> <span class='ocrx_word' id='word_1_144' title='bbox 1275 1400 1463 1450; x_wconf 82' lang='grc' dir='ltr'><em>Κροῖσον</em></span> 
     </span>
     <span class='ocr_line' id='line_1_19' title="bbox 97 1460 1464 1520; baseline -0.002 -14"><span class='ocrx_word' id='word_1_145' title='bbox 97 1467 158 1520; x_wconf 74' lang='grc' dir='ltr'><em>τῷ</em></span> <span class='ocrx_word' id='word_1_146' title='bbox 186 1463 375 1519; x_wconf 79' lang='grc' dir='ltr'><em>ἐπιλόγῳ</em></span> <span class='ocrx_word' id='word_1_147' title='bbox 401 1466 474 1505; x_wconf 88' lang='grc' dir='ltr'><em>καί</em></span> <span class='ocrx_word' id='word_1_148' title='bbox 500 1463 554 1515; x_wconf 81' lang='grc' dir='ltr'><em>οἱ,</em></span> <span class='ocrx_word' id='word_1_149' title='bbox 583 1467 846 1520; x_wconf 78' lang='grc' dir='ltr'><em>προσφυέως</em></span> <span class='ocrx_word' id='word_1_150' title='bbox 869 1462 949 1519; x_wconf 81' lang='grc' dir='ltr'><em>γὰρ</em></span> <span class='ocrx_word' id='word_1_151' title='bbox 977 1463 1099 1514; x_wconf 79' lang='grc' dir='ltr'><em>δόξαι</em></span> <span class='ocrx_word' id='word_1_152' title='bbox 1127 1463 1274 1517; x_wconf 85' lang='grc' dir='ltr'><em>λέγειν,</em></span> <span class='ocrx_word' id='word_1_153' title='bbox 1302 1460 1464 1504; x_wconf 85' lang='grc' dir='ltr'><em>πειθό-</em></span> 
     </span>
     <span class='ocr_line' id='line_1_20' title="bbox 97 1526 1464 1588; baseline -0.002 -14"><span class='ocrx_word' id='word_1_154' title='bbox 97 1547 225 1586; x_wconf 88' lang='grc' dir='ltr'><em>μενον</em></span> <span class='ocrx_word' id='word_1_155' title='bbox 255 1532 521 1575; x_wconf 77' lang='grc' dir='ltr'><em>παύσασθαι</em></span> <span class='ocrx_word' id='word_1_156' title='bbox 556 1536 632 1586; x_wconf 73' lang='grc' dir='ltr'><em>τῆς</em></span> <span class='ocrx_word' id='word_1_157' title='bbox 667 1536 919 1588; x_wconf 79' lang='grc' dir='ltr'><em>ναυπηγίης.</em></span> <span class='ocrx_word' id='word_1_158' title='bbox 980 1532 1052 1572; x_wconf 87' lang='grc' dir='ltr'><em>καὶ</em></span> <span class='ocrx_word' id='word_1_159' title='bbox 1090 1526 1203 1573; x_wconf 62' lang='grc' dir='ltr'><em>οἷ”τω</em></span> <span class='ocrx_word' id='word_1_160' title='bbox 1234 1538 1351 1573; x_wconf 92' lang='grc' dir='ltr'><em>τοῖσι</em></span> <span class='ocrx_word' id='word_1_161' title='bbox 1386 1528 1464 1579; x_wconf 78' lang='grc' dir='ltr'><em>τὰς</em></span> 
     </span>
     <span class='ocr_line' id='line_1_21' title="bbox 99 1597 1178 1656; baseline -0.001 -14"><span class='ocrx_word' id='word_1_162' title='bbox 99 1599 255 1656; x_wconf 75' lang='grc' dir='ltr'><em>νήσους</em></span> <span class='ocrx_word' id='word_1_163' title='bbox 281 1599 549 1655; x_wconf 86' lang='grc' dir='ltr'><em>οἰκημένοισι</em></span> <span class='ocrx_word' id='word_1_164' title='bbox 565 1597 684 1642; x_wconf 67' lang='grc' dir='ltr'><em>Ἴωσι</em></span> <span class='ocrx_word' id='word_1_165' title='bbox 711 1601 867 1655; x_wconf 82' lang='grc' dir='ltr'><em>ξεινίην</em></span> <span class='ocrx_word' id='word_1_166' title='bbox 894 1599 1178 1654; x_wconf 67' lang='grc' dir='ltr'><em>συνεθήκατο.</em></span> 
     </span>
    </p>

    <p class='ocr_par' dir='ltr' id='par_1_2' title="bbox 100 1663 1472 2674">
     <span class='ocr_line' id='line_1_22' title="bbox 186 1663 1464 1724; baseline -0.003 -14"><span class='ocrx_word' id='word_1_167' title='bbox 186 1668 354 1724; x_wconf 83' lang='grc' dir='ltr'><em>Χρόνου</em></span> <span class='ocrx_word' id='word_1_168' title='bbox 389 1668 434 1710; x_wconf 81' lang='grc' dir='ltr'><em>δὲ</em></span> <span class='ocrx_word' id='word_1_169' title='bbox 466 1666 765 1723; x_wconf 76' lang='grc' dir='ltr'><em>ἐπιγινομένου</em></span> <span class='ocrx_word' id='word_1_170' title='bbox 797 1669 867 1710; x_wconf 83' lang='grc' dir='ltr'><em>καὶ</em></span> <span class='ocrx_word' id='word_1_171' title='bbox 900 1669 1283 1722; x_wconf 87' lang='grc' dir='ltr'><em>κατεστραμμένων</em></span> <span class='ocrx_word' id='word_1_172' title='bbox 1316 1663 1464 1718; x_wconf 81' lang='grc' dir='ltr'><em>σχεδον</em></span> 
     </span>
     <span class='ocr_line' id='line_1_23' title="bbox 100 1731 1466 1791; baseline -0.004 -12"><span class='ocrx_word' id='word_1_173' title='bbox 100 1736 275 1779; x_wconf 88' lang='grc' dir='ltr'><em>πάντων</em></span> <span class='ocrx_word' id='word_1_174' title='bbox 289 1739 374 1779; x_wconf 82' lang='grc' dir='ltr'><em>τῶν</em></span> <span class='ocrx_word' id='word_1_175' title='bbox 389 1732 583 1786; x_wconf 81' lang='grc' dir='ltr'><em>εντὸςΑλ</em></span> <span class='ocrx_word' id='word_1_176' title='bbox 589 1752 684 1786; x_wconf 91' lang='grc' dir='ltr'><em>υος</em></span> <span class='ocrx_word' id='word_1_177' title='bbox 675 1740 875 1790; x_wconf 88' lang='grc' dir='ltr'><em>ποταμοῦ</em></span> <span class='ocrx_word' id='word_1_178' title='bbox 898 1735 1130 1791; x_wconf 89' lang='grc' dir='ltr'><em>οικηιιένων</em></span> <span class='ocrx_word' id='word_1_179' title='bbox 1151 1733 1278 1790; x_wconf 87' lang='grc' dir='ltr'><em>(πλην</em></span> <span class='ocrx_word' id='word_1_180' title='bbox 1292 1731 1372 1788; x_wconf 79' lang='grc' dir='ltr'><em>γὰρ</em></span> <span class='ocrx_word' id='word_1_181' title='bbox 1389 1739 1466 1775; x_wconf 70' lang='lat' dir='ltr'><strong><em>Kc·-</em></strong></span> 
     </span>
     <span class='ocr_line' id='line_1_24' title="bbox 100 1799 1467 1857; baseline -0.002 -12"><span class='ocrx_word' id='word_1_182' title='bbox 100 1805 228 1847; x_wconf 89' lang='grc' dir='ltr'><em>λίκων</em></span> <span class='ocrx_word' id='word_1_183' title='bbox 241 1805 312 1846; x_wconf 79' lang='grc' dir='ltr'><em>καὶ</em></span> <span class='ocrx_word' id='word_1_184' title='bbox 326 1808 497 1846; x_wconf 82' lang='grc' dir='ltr'><em>Λυκίων</em></span> <span class='ocrx_word' id='word_1_185' title='bbox 510 1803 611 1854; x_wconf 72' lang='grc' dir='ltr'><em>τοὶς</em></span> <span class='ocrx_word' id='word_1_186' title='bbox 626 1801 679 1845; x_wconf 77' lang='grc' dir='ltr'><em>ἄλ</em></span> <span class='ocrx_word' id='word_1_187' title='bbox 682 1805 782 1854; x_wconf 75' lang='grc' dir='ltr'><em>λοις</em></span> <span class='ocrx_word' id='word_1_188' title='bbox 801 1803 969 1853; x_wconf 85' lang='grc' dir='ltr'><em>πάντας</em></span> <span class='ocrx_word' id='word_1_189' title='bbox 985 1822 1006 1845; x_wconf 91' lang='grc' dir='ltr'><em>υ</em></span> <span class='ocrx_word' id='word_1_190' title='bbox 1013 1800 1056 1845; x_wconf 70' lang='grc' dir='ltr'><em>π’</em></span> <span class='ocrx_word' id='word_1_191' title='bbox 1069 1819 1215 1857; x_wconf 78' lang='grc' dir='ltr'><em>εωυτῳ</em></span> <span class='ocrx_word' id='word_1_192' title='bbox 1232 1799 1317 1854; x_wconf 80' lang='grc' dir='ltr'><em>εἶχε</em></span> <span class='ocrx_word' id='word_1_193' title='bbox 1337 1817 1467 1843; x_wconf 82' lang='grc' dir='ltr'><em>κατα-</em></span> 
     </span>
     <span class='ocr_line' id='line_1_25' title="bbox 101 1870 1463 1927; baseline -0.001 -14"><span class='ocrx_word' id='word_1_194' title='bbox 101 1872 400 1927; x_wconf 79' lang='grc' dir='ltr'><em>στρεψάμενος</em></span> <span class='ocrx_word' id='word_1_195' title='bbox 415 1870 663 1927; x_wconf 82' lang='grc' dir='ltr'><em>ὃΚροῖσος),</em></span> <span class='ocrx_word' id='word_1_196' title='bbox 675 1870 761 1914; x_wconf 86' lang='grc' dir='ltr'><em>εἰσι</em></span> <span class='ocrx_word' id='word_1_197' title='bbox 776 1871 821 1913; x_wconf 89' lang='grc' dir='ltr'><em>δε</em></span> <span class='ocrx_word' id='word_1_198' title='bbox 836 1871 939 1923; x_wconf 85' lang='grc' dir='ltr'><em>οιδε,</em></span> <span class='ocrx_word' id='word_1_199' title='bbox 951 1871 1102 1922; x_wconf 90' lang='grc' dir='ltr'><em>Λυδοί,</em></span> <span class='ocrx_word' id='word_1_200' title='bbox 1119 1870 1290 1926; x_wconf 76' lang='grc' dir='ltr'><em>Φρύγες,</em></span> <span class='ocrx_word' id='word_1_201' title='bbox 1307 1872 1463 1921; x_wconf 86' lang='grc' dir='ltr'><em>Μυσοί,</em></span> 
     </span>
     <span class='ocr_line' id='line_1_26' title="bbox 101 1937 1467 1996; baseline -0.001 -14"><span class='ocrx_word' id='word_1_202' title='bbox 101 1939 405 1996; x_wconf 82' lang='grc' dir='ltr'><em>Μαριανδυνοί,</em></span> <span class='ocrx_word' id='word_1_203' title='bbox 433 1940 643 1993; x_wconf 77' lang='grc' dir='ltr'><em>Χάλυβες,</em></span> <span class='ocrx_word' id='word_1_204' title='bbox 673 1939 969 1996; x_wconf 80' lang='grc' dir='ltr'><em>Παφλαγόνες,</em></span> <span class='ocrx_word' id='word_1_205' title='bbox 1000 1938 1175 1994; x_wconf 75' lang='grc' dir='ltr'><em>Θρήικες</em></span> <span class='ocrx_word' id='word_1_206' title='bbox 1201 1937 1243 1980; x_wconf 83' lang='grc' dir='ltr'><em>οἱ</em></span> <span class='ocrx_word' id='word_1_207' title='bbox 1271 1941 1397 1980; x_wconf 80' lang='grc' dir='ltr'><em>Θυνοί</em></span> <span class='ocrx_word' id='word_1_208' title='bbox 1420 1953 1467 1980; x_wconf 88' lang='grc' dir='ltr'><em>τε</em></span> 
     </span>
     <span class='ocr_line' id='line_1_27' title="bbox 101 2006 1464 2063; baseline -0.001 -14"><span class='ocrx_word' id='word_1_209' title='bbox 101 2009 173 2049; x_wconf 84' lang='grc' dir='ltr'><em>καὶ</em></span> <span class='ocrx_word' id='word_1_210' title='bbox 197 2010 398 2059; x_wconf 87' lang='grc' dir='ltr'><em>Βιθυνοί,</em></span> <span class='ocrx_word' id='word_1_211' title='bbox 425 2012 577 2063; x_wconf 83' lang='grc' dir='ltr'><em>Κᾶρες,</em></span> <span class='ocrx_word' id='word_1_212' title='bbox 597 2006 748 2058; x_wconf 71' lang='grc' dir='ltr'><em>Ἴωνες,</em></span> <span class='ocrx_word' id='word_1_213' title='bbox 778 2011 977 2063; x_wconf 80' lang='grc' dir='ltr'><em>Δωριέες,</em></span> <span class='ocrx_word' id='word_1_214' title='bbox 1002 2007 1190 2057; x_wconf 80' lang='grc' dir='ltr'><em>Αἰολέες,</em></span> <span class='ocrx_word' id='word_1_215' title='bbox 1214 2006 1464 2062; x_wconf 79' lang='grc' dir='ltr'><em>Πάμφυλοι,</em></span> 
     </span>
     <span class='ocr_line' id='line_1_28' title="bbox 102 2075 1465 2132; baseline -0.001 -15"><span class='ocrx_word' id='word_1_216' title='bbox 102 2078 484 2132; x_wconf 83' lang='grc' dir='ltr'><em>κατεστραμμένων</em></span> <span class='ocrx_word' id='word_1_217' title='bbox 506 2076 552 2118; x_wconf 81' lang='grc' dir='ltr'><em>δὲ</em></span> <span class='ocrx_word' id='word_1_218' title='bbox 569 2075 735 2118; x_wconf 82' lang='grc' dir='ltr'><em>τούτων</em></span> <span class='ocrx_word' id='word_1_219' title='bbox 755 2077 825 2118; x_wconf 82' lang='grc' dir='ltr'><em>καὶ</em></span> <span class='ocrx_word' id='word_1_220' title='bbox 840 2078 1262 2131; x_wconf 84' lang='grc' dir='ltr'><em>προσεπικτεομένου</em></span> <span class='ocrx_word' id='word_1_221' title='bbox 1277 2077 1465 2130; x_wconf 82' lang='grc' dir='ltr'><em>Κροίσου</em></span> 
     </span>
     <span class='ocr_line' id='line_1_29' title="bbox 103 2140 1467 2200; baseline -0.003 -13"><span class='ocrx_word' id='word_1_222' title='bbox 103 2143 302 2194; x_wconf 89' lang='grc' dir='ltr'><em>Λυδοῖσι,</em></span> <span class='ocrx_word' id='word_1_223' title='bbox 331 2140 609 2186; x_wconf 75' lang='grc' dir='ltr'><em>ἀπικνέονται</em></span> <span class='ocrx_word' id='word_1_224' title='bbox 626 2143 668 2194; x_wconf 80' lang='grc' dir='ltr'><em>ἒς</em></span> <span class='ocrx_word' id='word_1_225' title='bbox 680 2144 842 2200; x_wconf 83' lang='grc' dir='ltr'><em>Σάρδις</em></span> <span class='ocrx_word' id='word_1_226' title='bbox 856 2142 1133 2198; x_wconf 76' lang='grc' dir='ltr'><em>ἀκμαζούσας</em></span> <span class='ocrx_word' id='word_1_227' title='bbox 1152 2142 1328 2197; x_wconf 83' lang='grc' dir='ltr'><em>πλούτῳ</em></span> <span class='ocrx_word' id='word_1_228' title='bbox 1345 2141 1467 2184; x_wconf 71' lang='grc' dir='ltr'><em>ἄλλοι</em></span> 
     </span>
     <span class='ocr_line' id='line_1_30' title="bbox 101 2209 1468 2269; baseline -0.001 -15"><span class='ocrx_word' id='word_1_229' title='bbox 101 2228 148 2254; x_wconf 83' lang='grc' dir='ltr'><em>τε</em></span> <span class='ocrx_word' id='word_1_230' title='bbox 164 2211 205 2255; x_wconf 82' lang='grc' dir='ltr'><em>οἱ</em></span> <span class='ocrx_word' id='word_1_231' title='bbox 219 2211 378 2262; x_wconf 88' lang='grc' dir='ltr'><em>πάντες</em></span> <span class='ocrx_word' id='word_1_232' title='bbox 393 2211 436 2254; x_wconf 81' lang='grc' dir='ltr'><em>έκ</em></span> <span class='ocrx_word' id='word_1_233' title='bbox 454 2209 739 2269; x_wconf 74' lang='grc' dir='ltr'><em>τῆςἙλλάδος</em></span> <span class='ocrx_word' id='word_1_234' title='bbox 754 2218 975 2269; x_wconf 84' lang='grc' dir='ltr'><em>σοφισταί,</em></span> <span class='ocrx_word' id='word_1_235' title='bbox 1005 2215 1048 2255; x_wconf 82' lang='grc' dir='ltr'><em>οἳ</em></span> <span class='ocrx_word' id='word_1_236' title='bbox 1060 2215 1213 2255; x_wconf 85' lang='grc' dir='ltr'><em>τοῦτον</em></span> <span class='ocrx_word' id='word_1_237' title='bbox 1231 2209 1305 2254; x_wconf 82' lang='grc' dir='ltr'><em>τὸν</em></span> <span class='ocrx_word' id='word_1_238' title='bbox 1317 2211 1468 2266; x_wconf 81' lang='grc' dir='ltr'><em>χρόνον</em></span> 
     </span>
     <span class='ocr_line' id='line_1_31' title="bbox 105 2277 1468 2336; baseline -0.001 -14"><span class='ocrx_word' id='word_1_239' title='bbox 105 2279 332 2336; x_wconf 71' lang='grc' dir='ltr'><em>ἐτύγχανον</em></span> <span class='ocrx_word' id='word_1_240' title='bbox 359 2279 515 2331; x_wconf 76' lang='grc' dir='ltr'><em>ἐόντες,</em></span> <span class='ocrx_word' id='word_1_241' title='bbox 551 2278 610 2331; x_wconf 78' lang='grc' dir='ltr'><em>ὡς</em></span> <span class='ocrx_word' id='word_1_242' title='bbox 637 2279 814 2331; x_wconf 72' lang='grc' dir='ltr'><em>ἕκαστος</em></span> <span class='ocrx_word' id='word_1_243' title='bbox 841 2278 982 2323; x_wconf 79' lang='grc' dir='ltr'><em>αὗτιῦν</em></span> <span class='ocrx_word' id='word_1_244' title='bbox 1009 2277 1278 2330; x_wconf 85' lang='grc' dir='ltr'><em>ἀπικνέοιτο,</em></span> <span class='ocrx_word' id='word_1_245' title='bbox 1312 2280 1384 2321; x_wconf 86' lang='grc' dir='ltr'><em>καὶ</em></span> <span class='ocrx_word' id='word_1_246' title='bbox 1419 2278 1468 2334; x_wconf 74' lang='grc' dir='ltr'><em>δὴ</em></span> 
     </span>
     <span class='ocr_line' id='line_1_32' title="bbox 105 2345 1466 2405; baseline -0.001 -16"><span class='ocrx_word' id='word_1_247' title='bbox 105 2349 177 2390; x_wconf 90' lang='grc' dir='ltr'><em>καὶ</em></span> <span class='ocrx_word' id='word_1_248' title='bbox 202 2347 350 2390; x_wconf 87' lang='grc' dir='ltr'><em>Σόλων</em></span> <span class='ocrx_word' id='word_1_249' title='bbox 376 2345 479 2404; x_wconf 75' lang='grc' dir='ltr'><em>ἀνὴρ</em></span> <span class='ocrx_word' id='word_1_250' title='bbox 501 2346 741 2404; x_wconf 64' lang='grc' dir='ltr'><em>Ἀθηναῖος,</em></span> <span class='ocrx_word' id='word_1_251' title='bbox 782 2348 830 2399; x_wconf 78' lang='grc' dir='ltr'><em>ὃς</em></span> <span class='ocrx_word' id='word_1_252' title='bbox 845 2346 1118 2405; x_wconf 63' lang='grc' dir='ltr'><em>Ἀθηναίοισι</em></span> <span class='ocrx_word' id='word_1_253' title='bbox 1142 2347 1301 2401; x_wconf 91' lang='grc' dir='ltr'><em>νόμους</em></span> <span class='ocrx_word' id='word_1_254' title='bbox 1327 2347 1466 2388; x_wconf 77' lang='grc' dir='ltr'><em>κέλευ’-</em></span> 
     </span>
     <span class='ocr_line' id='line_1_33' title="bbox 107 2413 1471 2471; baseline -0.001 -13"><span class='ocrx_word' id='word_1_255' title='bbox 107 2430 212 2458; x_wconf 88' lang='grc' dir='ltr'><em>σασι</em></span> <span class='ocrx_word' id='word_1_256' title='bbox 236 2414 427 2470; x_wconf 77' lang='grc' dir='ltr'><em>ποιήσας</em></span> <span class='ocrx_word' id='word_1_257' title='bbox 458 2413 712 2471; x_wconf 73' lang='grc' dir='ltr'><em>ἀπεδήμησε</em></span> <span class='ocrx_word' id='word_1_258' title='bbox 745 2415 843 2458; x_wconf 70' lang='grc' dir='ltr'><em>ἔτεα</em></span> <span class='ocrx_word' id='word_1_259' title='bbox 869 2416 970 2458; x_wconf 86' lang='grc' dir='ltr'><em>δέκα</em></span> <span class='ocrx_word' id='word_1_260' title='bbox 1001 2414 1109 2457; x_wconf 79' lang='grc' dir='ltr'><em>κατὰ</em></span> <span class='ocrx_word' id='word_1_261' title='bbox 1136 2419 1327 2470; x_wconf 88' lang='grc' dir='ltr'><em>θεωρίης</em></span> <span class='ocrx_word' id='word_1_262' title='bbox 1358 2414 1471 2468; x_wconf 89' lang='grc' dir='ltr'><em>πρό-</em></span> 
     </span>
     <span class='ocr_line' id='line_1_34' title="bbox 106 2480 1468 2539; baseline 0 -15"><span class='ocrx_word' id='word_1_263' title='bbox 106 2497 243 2539; x_wconf 84' lang='grc' dir='ltr'><em>φασιν</em></span> <span class='ocrx_word' id='word_1_264' title='bbox 271 2481 515 2533; x_wconf 73' lang='grc' dir='ltr'><em>ἐκπλεύσας,</em></span> <span class='ocrx_word' id='word_1_265' title='bbox 550 2483 621 2525; x_wconf 79' lang='grc' dir='ltr'><em>ἵνα</em></span> <span class='ocrx_word' id='word_1_266' title='bbox 648 2484 697 2539; x_wconf 79' lang='grc' dir='ltr'><em>δὴ</em></span> <span class='ocrx_word' id='word_1_267' title='bbox 724 2484 782 2539; x_wconf 80' lang='grc' dir='ltr'><em>μή</em></span> <span class='ocrx_word' id='word_1_268' title='bbox 808 2501 904 2526; x_wconf 90' lang='grc' dir='ltr'><em>τινα</em></span> <span class='ocrx_word' id='word_1_269' title='bbox 928 2487 1014 2526; x_wconf 83' lang='grc' dir='ltr'><em>τιῦν</em></span> <span class='ocrx_word' id='word_1_270' title='bbox 1039 2483 1182 2536; x_wconf 87' lang='grc' dir='ltr'><em>νόμων</em></span> <span class='ocrx_word' id='word_1_271' title='bbox 1214 2480 1468 2538; x_wconf 79' lang='grc' dir='ltr'><em>ἀναγκασθῇ</em></span> 
     </span>
     <span class='ocr_line' id='line_1_35' title="bbox 107 2544 1470 2608; baseline 0.001 -17"><span class='ocrx_word' id='word_1_272' title='bbox 107 2551 237 2592; x_wconf 84' lang='grc' dir='ltr'><em>λῦσαι</em></span> <span class='ocrx_word' id='word_1_273' title='bbox 261 2553 346 2592; x_wconf 83' lang='grc' dir='ltr'><em>τών</em></span> <span class='ocrx_word' id='word_1_274' title='bbox 373 2549 516 2592; x_wconf 69' lang='grc' dir='ltr'><em>ἔθετο.</em></span> <span class='ocrx_word' id='word_1_275' title='bbox 555 2549 680 2593; x_wconf 72' lang='grc' dir='ltr'><em>αὐτοὶ</em></span> <span class='ocrx_word' id='word_1_276' title='bbox 704 2549 784 2608; x_wconf 82' lang='grc' dir='ltr'><em>γὰρ</em></span> <span class='ocrx_word' id='word_1_277' title='bbox 811 2549 886 2593; x_wconf 71' lang='grc' dir='ltr'><em>οὐκ</em></span> <span class='ocrx_word' id='word_1_278' title='bbox 912 2550 1064 2593; x_wconf 81' lang='grc' dir='ltr'><em>οἷοίτε</em></span> <span class='ocrx_word' id='word_1_279' title='bbox 1084 2544 1193 2607; x_wconf 66' lang='grc' dir='ltr'><em>ἦσαν</em></span> <span class='ocrx_word' id='word_1_280' title='bbox 1214 2548 1318 2593; x_wconf 75' lang='grc' dir='ltr'><em>αὐτὸ</em></span> <span class='ocrx_word' id='word_1_281' title='bbox 1340 2554 1470 2606; x_wconf 76' lang='grc' dir='ltr'><em>ποιῆ-</em></span> 
     </span>
     <span class='ocr_line' id='line_1_36' title="bbox 107 2615 1472 2695; baseline 0 -35"><span class='ocrx_word' id='word_1_282' title='bbox 107 2634 182 2661; x_wconf 89' lang='grc' dir='ltr'><em>σαι</em></span> <span class='ocrx_word' id='word_1_283' title='bbox 210 2615 452 2673; x_wconf 87' lang='grc' dir='ltr'><em>Αθηναῖοι·</em></span> <span class='ocrx_word' id='word_1_284' title='bbox 492 2616 678 2695; x_wconf 79' lang='grc' dir='ltr'><em>ὁρκιοισι</em></span> <span class='ocrx_word' id='word_1_285' title='bbox 707 2618 787 2674; x_wconf 86' lang='grc' dir='ltr'><em>γὰρ</em></span> <span class='ocrx_word' id='word_1_286' title='bbox 820 2619 1050 2674; x_wconf 87' lang='grc' dir='ltr'><em>μεγάλοισι</em></span> <span class='ocrx_word' id='word_1_287' title='bbox 1086 2622 1355 2671; x_wconf 85' lang='grc' dir='ltr'><em>κατείχοντο</em></span> <span class='ocrx_word' id='word_1_288' title='bbox 1371 2619 1472 2660; x_wconf 86' lang='grc' dir='ltr'><em>δέκα</em></span> 
     </span>
    </p>
   </div>
   <div class='ocr_carea' id='block_1_2' title="bbox 1490 1676 1523 1702">
    <p class='ocr_par' dir='ltr' id='par_1_3' title="bbox 1490 1676 1523 1702">
     <span class='ocr_line' id='line_1_37' title="bbox 1490 1676 1523 1702; baseline 0.03 -1"><span class='ocrx_word' id='word_1_289' title='bbox 1490 1676 1523 1702; x_wconf 73' lang='lat'><em>23</em></span> 
     </span>
    </p>
   </div>
   <div class='ocr_carea' id='block_1_3' title="bbox 1494 2085 1526 2110">
    <p class='ocr_par' dir='ltr' id='par_1_4' title="bbox 1494 2085 1526 2110">
     <span class='ocr_line' id='line_1_38' title="bbox 1494 2085 1526 2110; baseline 0.031 -1"><span class='ocrx_word' id='word_1_290' title='bbox 1494 2085 1526 2110; x_wconf 72' lang='lat'><em>21)</em></span> 
     </span>
    </p>
   </div>
   <div class='ocr_carea' id='block_1_4' title="bbox 108 2683 1529 2743">
    <p class='ocr_par' dir='ltr' id='par_1_5' title="bbox 108 2683 1529 2743">
     <span class='ocr_line' id='line_1_39' title="bbox 108 2683 1529 2743; baseline 0.001 -15"><span class='ocrx_word' id='word_1_291' title='bbox 108 2685 206 2728; x_wconf 87' lang='grc' dir='ltr'><em>έτεα</em></span> <span class='ocrx_word' id='word_1_292' title='bbox 228 2685 474 2743; x_wconf 80' lang='grc' dir='ltr'><em>χρήσεσθαι</em></span> <span class='ocrx_word' id='word_1_293' title='bbox 493 2686 667 2729; x_wconf 89' lang='grc' dir='ltr'><em>νόμοισι</em></span> <span class='ocrx_word' id='word_1_294' title='bbox 686 2702 787 2737; x_wconf 76' lang='grc' dir='ltr'><em>τοις</em></span> <span class='ocrx_word' id='word_1_295' title='bbox 807 2683 856 2728; x_wconf 79' lang='grc' dir='ltr'><em>ἄν</em></span> <span class='ocrx_word' id='word_1_296' title='bbox 877 2703 958 2743; x_wconf 89' lang='grc' dir='ltr'><em>σφι</em></span> <span class='ocrx_word' id='word_1_297' title='bbox 978 2687 1126 2729; x_wconf 86' lang='grc' dir='ltr'><em>Σόλων</em></span> <span class='ocrx_word' id='word_1_298' title='bbox 1146 2690 1206 2743; x_wconf 75' lang='grc' dir='ltr'><em>θῆ</em></span> <span class='ocrx_word' id='word_1_299' title='bbox 1211 2703 1296 2729; x_wconf 89' lang='grc' dir='ltr'><em>ται.</em></span> <span class='ocrx_word' id='word_1_300' title='bbox 1330 2684 1471 2729; x_wconf 74' lang='grc' dir='ltr'><em>αἰτιῦν</em></span> <span class='ocrx_word' id='word_1_301' title='bbox 1496 2698 1529 2724; x_wconf 86' lang='grc'><em>30</em></span> 
     </span>
    </p>
   </div>
   <div class='ocr_carea' id='block_1_5' title="bbox 109 2751 1473 2811">
    <p class='ocr_par' dir='ltr' id='par_1_6' title="bbox 109 2751 1473 2811">
     <span class='ocr_line' id='line_1_40' title="bbox 109 2751 1473 2811; baseline 0.002 -16"><span class='ocrx_word' id='word_1_302' title='bbox 109 2751 161 2810; x_wconf 90' lang='grc' dir='ltr'><em>δη</em></span> <span class='ocrx_word' id='word_1_303' title='bbox 189 2755 246 2796; x_wconf 87' lang='grc' dir='ltr'><em>ών</em></span> <span class='ocrx_word' id='word_1_304' title='bbox 264 2753 427 2797; x_wconf 78' lang='grc' dir='ltr'><em>τούτων</em></span> <span class='ocrx_word' id='word_1_305' title='bbox 447 2755 516 2796; x_wconf 85' lang='grc' dir='ltr'><em>καὶ</em></span> <span class='ocrx_word' id='word_1_306' title='bbox 538 2758 611 2796; x_wconf 77' lang='grc' dir='ltr'><em>τῗ</em></span> <span class='ocrx_word' id='word_1_307' title='bbox 576 2783 609 2810; x_wconf 68' lang='grc' dir='ltr'><em>ς</em></span> <span class='ocrx_word' id='word_1_308' title='bbox 632 2758 822 2811; x_wconf 83' lang='grc' dir='ltr'><em>θεωρίης</em></span> <span class='ocrx_word' id='word_1_309' title='bbox 845 2754 941 2810; x_wconf 76' lang='grc' dir='ltr'><em>ἕκδι</em></span> <span class='ocrx_word' id='word_1_310' title='bbox 936 2755 1086 2811; x_wconf 70' lang='grc' dir='ltr'><em>μήσας</em></span> <span class='ocrx_word' id='word_1_311' title='bbox 1107 2772 1128 2798; x_wconf 95' lang='grc' dir='ltr'><em>ο</em></span> <span class='ocrx_word' id='word_1_312' title='bbox 1150 2755 1298 2798; x_wconf 86' lang='grc' dir='ltr'><em>Σόλων</em></span> <span class='ocrx_word' id='word_1_313' title='bbox 1319 2754 1473 2798; x_wconf 82' lang='grc' dir='ltr'><em>είνεκεν</em></span> 
     </span>
    </p>
   </div>
  </div>
 </body>
</html>
