1794 3282
133 254 216 282 vlu
711 256 766 281 DE
790 255 997 282 HERODOTI

132 342 235 364 suum
265 330 482 364 convertisse
510 329 654 363 videtur
681 328 843 363 Herodo-
869 327 1014 362 tiones
1035 328 1249 374 perfecerit,
1278 330 1337 364 vix
1366 330 1455 365 certi
1478 331 1582 376 quid-

131 380 202 418 tus,
227 386 308 409 cum
325 374 522 409 sententias
540 373 586 407 ab
604 374 791 407 Hecataeo
807 373 844 406 in
870 383 977 416 quam
1006 374 1175 407 constitui
1203 378 1332 419 potest.
1380 376 1454 410 Pro
1483 380 1584 410 certo

131 421 291 454 medium
307 420 468 464 prolatas
484 429 660 462 persaepe
674 422 737 451 aut
750 428 843 451 com·
870 421 992 451 autem
1009 417 1184 453 affirmari
1201 419 1304 464 licet,
1334 431 1416 454 eum
1440 432 1582 454 omnem

131 466 263 510 probet
291 469 353 498 aut
380 463 620 508 perstringat,
655 466 719 495 aut
747 466 844 495 certe
869 462 946 496 fere
974 466 1152 497 terrarum
1180 465 1304 499 orbem
1334 465 1486 500 Graecis
1518 465 1582 500 illa

131 514 226 544 tecte
256 508 437 553 significet
461 508 496 546 (Ι
522 508 598 541 143.
627 507 703 541 146.
730 507 768 540 ΙΙ
788 507 841 541 15.
869 510 989 541 aetate
1007 508 1190 553 cognitum
1206 520 1431 555 peragrasse.
1476 510 1582 552 Quod

133 557 187 589 21.
214 555 269 588 23.
293 554 370 588 156.
395 553 428 587 V
445 553 500 586 36.
523 552 598 586 VII
615 552 706 595 137).
764 552 845 592 Qua

133 601 177 634 de
195 610 233 633 re
257 598 422 633 conferas
439 597 522 630 hist.
541 608 663 642 graec.
683 597 752 631 vol.
771 597 789 630 I
806 609 842 642 p.

133 656 224 678 xxxx.

176 689 503 733 Logographorum
521 687 724 732 exemplum
744 698 843 721 secu-

132 740 188 767 tus
203 734 410 767 Herodotus
423 736 664 777 accurateque
680 744 844 777 perscru-

130 783 227 812 tatus
247 789 340 822 quae
359 789 479 812 rerum
495 781 728 812 monumenta
744 777 843 823 logo-

132 823 275 869 graphi,
292 824 468 868 imprimis
486 823 695 858 Hecataeus
711 834 843 857 memo-

130 870 206 903 riae
223 869 471 914 prodiderunt,
495 869 542 903 ad
558 869 745 903 historiam
763 880 843 903 con—

131 915 362 949 scribendam
384 925 421 949 se
439 915 600 948 contulit.
640 914 745 955 Quod
763 925 843 948 con-

131 961 251 994 silium
267 963 308 994 ut
323 960 451 994 melius
467 960 712 1005 intellegatur,
730 959 843 994 consi-

132 1005 315 1040 derandae
338 1009 422 1039 sunt
442 1009 646 1050 temporum
672 1005 843 1048 rationes,

132 1061 226 1094 quae
243 1050 422 1085 Herodoti
438 1051 542 1095 pueri
559 1051 617 1084 vel
634 1050 843 1084 adulescen-

130 1096 177 1130 tis
194 1096 354 1130 animum
375 1095 527 1130 mirifico
550 1095 723 1129 historiae
742 1106 843 1129 enar-

130 1142 266 1175 randae
274 1142 402 1175 ardore
410 1141 734 1175 inflammaverunt.
749 1140 844 1175 Nam

129 1187 354 1232 temporibus
370 1187 531 1231 proxime
544 1186 842 1231 puerilemHero-

132 1232 208 1265 doti
246 1235 404 1266 aetatem
441 1232 663 1276 antegressis
708 1231 843 1265 bellmn

131 1288 380 1321 summumque
408 1276 611 1322 periculum
639 1276 790 1311 Graecis
823 1287 844 1310 a

129 1322 253 1357 Persis
269 1322 410 1356 illatum
428 1326 516 1356 erat.
552 1322 742 1356 Immensis
755 1321 842 1355 Per—

130 1379 252 1402 sarum
280 1368 392 1412 copiis
421 1379 443 1401 a
471 1367 592 1412 parvis
621 1366 843 1402 Graecorum

130 1413 268 1459 fugatis
291 1416 400 1458 atque
424 1412 514 1447 fusis
535 1412 712 1447 Graeciae
734 1412 842 1446 liber-

130 1465 187 1492 tas
203 1458 373 1493 restituta
390 1461 454 1501 est,
473 1469 553 1492 cum
568 1468 690 1492 omnes
705 1468 843 1491 summo

129 1503 272 1548 patriae
289 1514 410 1537 amore
427 1503 564 1537 incensi
583 1507 618 1537 et
635 1503 843 1547 corporibus

132 1554 166 1583 et
195 1549 323 1583 animis
352 1548 585 1592 cupidissime
613 1548 660 1582 ad
689 1549 844 1593 patriam

132 1593 399 1628 defendendam
423 1593 692 1627 contenderent.
740 1593 844 1627 Haec

129 1638 374 1684 pulcherrima
395 1638 559 1672 facinora
579 1642 620 1671 ut
648 1642 843 1678 enarraret,

132 1696 221 1729 quas
240 1696 311 1718 non
333 1684 519 1717 hominum
540 1683 677 1717 viribus
700 1684 765 1717 sed
792 1684 843 1717 di—

130 1730 205 1764 vini
242 1729 398 1763 numinis
437 1729 472 1762 vi
512 1733 621 1773 atque
660 1729 844 1773 aequitate

132 1775 294 1809 evenisse
316 1774 516 1808 identidem
533 1774 709 1816 affirmat,
734 1774 843 1808 histo-

129 1821 263 1854 riarum
278 1819 465 1853 consilium
477 1820 733 1864 pronuntiavit.
753 1819 843 1853 Con-

130 1866 228 1899 feras
245 1865 468 1909 prooemium
484 1864 546 1897 lib.
562 1864 579 1897 I
599 1865 672 1898 c.1.
696 1863 844 1908 Ἡροδό-

130 1909 496 1954 τουΆλικαρνασσεός
512 1910 667 1953 ἱστορίης
675 1909 843 1948 ἀπόδεξις

130 1954 203 1998 ἣδε,
222 1955 270 1991 ὥς
285 1957 374 1998 μήτε
391 1955 435 1989 τὰ
451 1955 629 2000 γενόμενα
648 1954 845 1999 ἐξάιιθρώ-

133 2015 217 2035 πων
233 2004 286 2045 τῷ
297 2001 418 2044 χρόνῳ
434 2000 572 2041 ἐξίτηλα
585 2004 741 2046 γένηται,
756 2001 844 2042 μήτε

131 2050 216 2091 ἔργα
232 2046 367 2092 μεγάλα
383 2060 422 2079 τε
440 2050 499 2079 καὶ
514 2046 704 2087 θωμαστά,
722 2046 844 2088 τὰμὲν

124 2090 278 2134 Ἕλλησι,
311 2091 356 2125 τὰ
390 2089 428 2124 δὲ
459 2092 678 2135 βαρβάροισι
710 2089 845 2124 ἀποδε-

129 2139 285 2179 χθέντα,
311 2135 419 2170 ἀκλεᾶ
441 2140 601 2182 γένηται,
628 2136 674 2169 τά
697 2149 736 2169 τε
759 2134 844 2169 ἄλλα

132 2186 191 2216 καὶ
215 2181 258 2216 δι’
279 2181 323 2224 ἣν
346 2183 464 2223 αἰτίην
488 2181 716 2225 ἐπολέμησαν
744 2180 843 2223 ἀλλή-

131 2228 233 2261 λοισι.
282 2227 364 2268 Qua
384 2227 422 2260 in
443 2237 482 2260 re
506 2225 653 2260 summis
676 2226 845 2261 laudibus

132 2273 355 2307 efferendum
395 2272 581 2306 scrutandi
626 2274 662 2305 et
698 2271 844 2306 investi-

131 2318 244 2360 gandi
262 2317 419 2351 studium
437 2328 506 2361 quo
524 2317 732 2351 Herodotus
752 2317 844 2351 exci—

130 2361 227 2397 tatus
243 2363 433 2397 itineribus
450 2362 572 2396 multis
590 2366 625 2396 et
638 2362 845 2407 longinquis

132 2408 370 2453 suscipiendis
392 2418 629 2452 permagnam
650 2408 746 2441 vitae
763 2419 845 2453 par-

130 2460 205 2487 tem
221 2453 419 2498 impendit,
448 2453 487 2487 id
504 2457 666 2496 secutus,
694 2456 735 2486 ut
757 2453 845 2487 locis

130 2499 220 2543 ipsis
238 2499 368 2543 quibus
388 2509 556 2542 quaeque
574 2509 632 2532 res
651 2502 778 2543 gestae
793 2509 844 2533 es-

133 2548 222 2587 sent,
232 2544 352 2577 omnia
365 2543 562 2589 diligenter
575 2544 779 2588 exploraret
792 2547 845 2578 at-

868 562 914 586 ne
942 555 1080 586 temere
1109 563 1132 586 a
1159 565 1217 588 me
1245 558 1429 599 arreptum
1462 560 1582 600 putes,

869 600 983 631 terras
999 598 1208 641 recensebo,
1227 610 1316 643 quas
1333 600 1504 635 historiae
1517 612 1581 646 pa-

869 646 1008 676 rentem
1031 642 1103 676 suis
1128 643 1240 677 oculis
1267 644 1401 679 vidisse
1431 656 1474 679 ex
1501 645 1581 690 ipso

870 688 947 722 eius
971 699 1080 732 opere
1104 689 1228 734 colligi
1249 693 1379 733 potest.
1429 691 1486 724 Ac
1508 691 1582 735 pri-

869 744 966 767 mum
983 733 1131 777 quidem
1148 734 1195 768 ab
1212 734 1488 779 Halicarnasso,
1514 735 1581 769 Ca-

868 778 944 812 riae
972 779 1080 819 urbe,
1113 779 1298 823 profectus
1329 779 1491 823 Cariam,
1524 781 1582 814 Io-

869 823 977 863 niam,
995 824 1199 867 Aeolidem,
1219 825 1388 869 Lydiam,
1412 825 1582 870 Mysiam,

870 868 1047 913 Ciliciam,
1064 870 1230 914 Lyciam,
1252 870 1436 905 Thracum
1452 871 1580 916 Bithy-

869 925 994 948 norum
1032 913 1139 958 fines,
1183 915 1435 949 meridionalia
1472 916 1581 950 Ponti

869 960 975 994 litora
990 971 1103 1004 usque
1127 960 1174 993 ad
1191 960 1498 995 Thermodontem
1515 961 1581 994 flu-

869 1005 965 1038 vium
988 1005 1238 1049 perlustravit,
1265 1006 1362 1040 unde
1394 1007 1581 1051 consequi-

868 1054 937 1093 tur,
961 1060 1085 1083 omnes
1109 1050 1184 1084 fere
1202 1050 1313 1084 Asiae
1336 1051 1483 1084 minoris
1501 1062 1582 1095 pro-

868 1095 1006 1129 vincias
1044 1095 1091 1129 ab
1130 1106 1172 1129 eo
1205 1099 1418 1139 peracrratas
1457 1096 1579 1130 fuisse.

870 1140 965 1175 visit
978 1140 1086 1174 urbes
1101 1139 1276 1183 Caunum,
1292 1122 1490 1185 Bphewm,
1500 1140 1581 1176 Sar-

870 1186 950 1229 des,
977 1184 1165 1230 Cyzicum,
1189 1185 1477 1231 Proconnesum,
1500 1198 1581 1231 pro-

868 1231 1049 1264 munturia
1056 1230 1238 1276 Mycalen,
1249 1230 1410 1276 Sigeum,
1424 1232 1584 1276 inspexit

869 1276 1075 1320 Maeandri,
1106 1275 1251 1321 Caystri
1269 1277 1377 1320 ostia,
1407 1277 1517 1311 etiam
1534 1278 1582 1311 ad

868 1321 993 1366 Halyn
1019 1332 1136 1367 usque
1164 1321 1314 1356 fluvium
1343 1333 1424 1356 eum
1455 1333 1582 1367 perve-

867 1367 964 1400 nisse
996 1367 1186 1411 probabile
1219 1371 1284 1401 est.
1342 1367 1489 1402 Deinde
1520 1367 1581 1401 via.

867 1412 970 1457 regia
987 1412 1034 1455 (V
1050 1412 1124 1456 52),
1172 1423 1240 1447 uae
1262 1412 1348 1447 inde
1372 1413 1418 1448 ab
1435 1412 1582 1458 Epheso

869 1457 943 1491 sive
964 1456 1140 1491 Sardibus
1160 1460 1251 1492 Susa
1269 1458 1383 1501 ducit,
1406 1461 1580 1492 mercato-

868 1503 968 1536 ribus
986 1502 1305 1547 peregrinantibus
1323 1514 1386 1537 suo
1402 1514 1500 1537 more
1519 1503 1581 1538 ad-

868 1548 1010 1582 iunctus
1026 1548 1064 1581 in
1081 1548 1254 1592 plurimas
1270 1549 1476 1593 provincias
1492 1548 1581 1583 Per-

869 1604 988 1626 sarum
1001 1592 1154 1637 impcrio
1169 1592 1351 1627 subiectas
1365 1593 1580 1638 penetravit.

868 1638 1077 1672 Permeavit
1093 1638 1300 1682 Assyriam,
1324 1638 1580 1683 Babyloniam,

870 1683 1041 1727 Mediam,
1059 1683 1182 1716 invisit
1197 1683 1425 1728 Babylonem
1442 1684 1581 1727 urbem,

869 1728 1058 1763 Ecbatana
1075 1728 1237 1772 Medica3
1263 1729 1371 1763 etiam
1391 1728 1483 1764 Susa
1501 1740 1583 1763 eum

868 1774 1001 1808 vidisse
1018 1774 1094 1807 veri
1112 1778 1166 1808 est
1179 1774 1399 1808 simillimum
1414 1775 1481 1819 (VI
1490 1775 1580 1817 119).

870 1820 910 1853 In
919 1819 1129 1853 remotiores
1142 1823 1264 1853 autem
1271 1819 1466 1853 Persarum
1477 1819 1583 1864 regni

869 1863 1073 1908 provincias
1099 1864 1305 1907 Parthiam,
1339 1864 1580 1909 Hyrcaniam,

869 1909 1006 1952 Ariam,
1028 1909 1224 1950 Bactriani,
1248 1909 1391 1943 Indiam
1413 1921 1484 1944 non
1502 1921 1582 1954 pro-

869 1966 1014 1999 gressus
1033 1958 1098 1988 est.
1147 1954 1342 1998 Maritimo,
1369 1959 1410 1989 ut
1426 1956 1581 1998 videtur,

869 2000 997 2034 itinere
1015 1999 1123 2034 Ponti
1144 1999 1276 2034 Euxini
1298 2011 1416 2043 oram,
1445 2000 1582 2045 Bospo-

869 2056 947 2078 rum
994 2045 1256 2090 (Byzantium),
1309 2045 1582 2090 Propontidem,

869 2090 1147 2135 Hellespontiun
1170 2090 1277 2134 adiit3
1307 2090 1392 2125 inde
1415 2091 1582 2125 meridio-

870 2136 989 2169 nalem
1027 2135 1208 2169 Thraciae
1247 2146 1347 2170 oram
1418 2137 1585 2181 erlegens

871 2179 1148 2222 Samothracen,
1172 2181 1334 2215 Thasum
1345 2208 1353 2224 ,
1406 2181 1582 2215 'herrone-

870 2237 965 2270 sum,
996 2225 1230 2260 Chalcidiccn
1252 2227 1435 2271 pervenit3
1469 2227 1583 2261 Atho-

870 2282 953 2305 nem
980 2275 1156 2314 montem,
1190 2282 1296 2316 quem
1325 2276 1493 2306 accurate
1523 2272 1584 2305 de-

871 2316 1025 2361 scripsit,
1050 2328 1131 2350 eum
1147 2317 1347 2361 inspexisse
1370 2317 1458 2350 satis
1476 2317 1585 2351 certis

871 2361 1094 2407 argumentis
1111 2362 1339 2406 comprobari
1353 2366 1482 2406 potest.
1508 2362 1584 2396 De-

869 2407 954 2441 inde
993 2407 1313 2452 septentrionalem
1345 2407 1585 2442 Macedoniae

870 2463 969 2487 oram
997 2452 1105 2498 legit,
1134 2453 1323 2487 nonnullas
1351 2453 1460 2487 urbes
1489 2453 1585 2495 (Pel-

870 2497 979 2541 laniP)
1008 2497 1140 2531 invisit.
1189 2497 1328 2532 Eodem
1355 2497 1485 2533 itinere
1509 2498 1584 2532 He-

870 2544 1037 2577 rodotum
1069 2542 1285 2577 Thessaliae
1317 2554 1436 2585 oram,
1468 2543 1584 2577 Penei

133 2600 203 2632 que
233 2589 471 2633 examinaret,
502 2592 544 2623 ut
572 2599 710 2623 errores
736 2589 846 2634 vulgo
871 2588 981 2633 ostia,
1015 2589 1155 2633 Tempe
1188 2588 1321 2622 adiisse
1356 2588 1583 2630 crediderim,

133 2634 288 2667 creditos
311 2638 373 2668 aut
395 2633 482 2668 ficta
505 2638 614 2678 atque
637 2633 761 2669 inania
783 2646 845 2669 au-
870 2634 966 2668 unde
995 2633 1253 2667 Thessalorum
1281 2633 1371 2667 fines
1397 2633 1584 2678 ingressus

133 2680 258 2712 dacter
275 2682 310 2712 et
326 2679 439 2713 libere
458 2680 657 2725 detegeret.

870 2690 936 2731 per
943 2679 1273 2731 Thermopylarum
1285 2678 1410 2712 fauces
1423 2678 1460 2712 in
1469 2677 1584 2712 Grae-

178 2723 246 2757 III.
278 2723 337 2758 De
360 2728 523 2769 tempore
549 2728 584 2759 et
607 2724 749 2768 ordine,
774 2735 845 2769 quo
871 2735 965 2758 ciam
981 2728 1155 2769 pervenit,
1174 2733 1283 2766 quam
1297 2723 1441 2768 saepius
1458 2723 1584 2757 visisse

133 2768 340 2804 Herodotus
384 2769 546 2815 singulas
583 2771 844 2815 peregrina·
869 2769 1052 2815 putandus
1067 2773 1131 2804 est.
1166 2768 1270 2804 Vidit
1282 2768 1459 2813 Athenas,
1475 2767 1585 2814 Spar-
