1794 3282
459 264 773 300 ΗΡΟΔΟΤΟΥ
802 265 843 298 Δ.
871 265 1060 301 103-108.
1358 255 1442 297 283

77 332 177 385 τοὺς
207 331 258 376 ἂν
286 333 585 390 χειρώσωνται
615 338 792 377 ποιεῦσι
821 334 945 377 τάδε·
986 332 1227 389 ἀποταμὼν
1264 333 1441 385 ἕκαστος

75 399 263 458 κεφαλὴν
289 398 565 457 ἀποφέρεται
590 400 632 452 ἐς
656 401 710 444 τὰ
736 401 869 453 οἰκία,
905 401 1072 445 ἔπειτεν
1105 401 1179 445 ἐπὶ
1211 402 1338 454 ξύλου
1364 418 1440 456 με-

75 468 208 525 γάλου
246 466 486 523 ἀναπείρας
523 468 669 525 ἵστησι
704 467 815 525 ὑπὲρ
851 473 927 525 τῆς
970 470 1105 526 οἰκίης
1148 467 1442 527 ὗπερέχουσαν

75 535 251 587 πολλόν,
278 536 471 589 μάλιστα
497 537 543 579 δὲ
568 534 677 593 ὑπὲρ
702 540 778 592 τῆς
803 537 1086 593 καπνοδόκης.
1131 539 1244 594 φασὶ
1270 538 1315 580 δὲ
1340 537 1441 580 τού-

74 619 176 654 τους
197 604 416 660 φυλάκους
434 607 509 661 τῆς
529 604 666 660 οἰκίης
683 605 830 660 πάσης
849 602 1248 661 ὑπεραιωρέεσθαι.
1281 605 1442 657 ζώουσι

76 671 124 713 δὲ
149 668 239 714 ἀπὸ
266 672 388 727 ληίης
412 688 459 714 τε
485 673 554 714 καὶ
580 671 787 726 πολέμου.
833 670 1097 729 Ἀγάθυρσοι
1130 673 1177 715 δὲ
1203 670 1439 729 ἁβρότατοι

77 736 227 794 ἄνδρες
252 738 337 782 εἰσὶ
363 740 435 781 καὶ
458 740 730 796 χρυσοφόροι
749 739 803 782 τὰ
821 740 1025 793 μάλιστα,
1055 739 1271 783 ἐπίκοινον
1292 741 1337 783 δὲ
1358 744 1442 782 τῶν

75 810 285 861 γυναικῶν
310 805 384 862 τὴν
408 808 525 860 μῖξιν
551 811 789 859 ποιεῦνται,
817 807 888 850 ἵνα
913 811 1163 864 κασίγνητοί
1180 824 1225 851 τε
1247 805 1441 863 ἀλλήλων

74 873 183 916 ἔωσι
213 876 284 916 καὶ
316 874 475 930 οἰκήιοι
508 873 649 924 ε’όντες
680 875 841 926 πάντες
871 875 979 930 μήτε
1011 876 1169 931 φθόνῳ
1201 873 1296 930 μήτ3
1321 875 1444 927 ἔχθεϊ

74 940 288 996 χρέωνται
313 941 356 992 ές
383 939 606 997 ἀλλήλους.
655 941 709 984 τὰ
735 940 774 984 6'
793 941 903 984 ἄλλα
928 942 1090 996 νόμαια
1118 942 1268 997 Θρήιξι
1301 957 1439 996 προσ-

76 1009 357 1065 κεχωρήκασι.
394 1012 556 1066 Νευροὶ
583 1010 628 1052 δὲ
653 1009 826 1063 νόμοισι
851 1010 928 1062 μὲν
945 1009 1145 1065 χρέονται
1164 1013 1436 1059 Σκυθικοῖσι,

73 1080 195 1132 γενεῇ
223 1076 269 1118 δὲ
293 1081 372 1133 μιῇ
397 1077 610 1133 πρότερόν
637 1092 775 1133 σφεας
805 1080 881 1132 τῆς
906 1080 1092 1132 Δαρείου
1125 1077 1442 1132 στρατηλασίης

75 1144 284 1196 κατέλαβε
310 1142 499 1186 ἐκλιπεῖν
523 1142 598 1199 τὴν
620 1144 762 1199 χώρην
789 1147 935 1186 πᾶσαν
961 1141 1034 1186 ὕπ’
1053 1141 1211 1200 ὀφίων·
1239 1141 1341 1199 ὄφις
1360 1143 1440 1198 γάρ

75 1226 159 1267 σφι
183 1210 373 1262 πολλοὺς
396 1212 473 1265 μὲν
498 1209 523 1267 ἡ
547 1211 665 1267 χώρη
693 1208 910 1267 ἀνέφαινε,
940 1210 982 1253 οἱ
1008 1211 1054 1253 δὲ
1073 1213 1252 1261 πλεῦνες
1271 1208 1443 1253 ἄνωθέν

77 1294 160 1334 σφι
190 1276 235 1319 ἒκ
265 1282 350 1320 τῶν
383 1277 557 1334 ἐρήμων
590 1277 817 1330 ἐπέπεσον,
858 1277 900 1329 ἐς
931 1278 953 1320 ὃ
986 1278 1237 1332 πιεζόμενοι
1268 1279 1443 1334 οἴκησαν

74 1344 184 1398 μετὰ
209 1346 430 1388 Βουδίνων
454 1345 529 1402 τὴν
555 1345 727 1388 ἓωυτιῦν
761 1345 1018 1397 ἐκλιπόντες.
1074 1346 1370 1389 κινδυνεύουσι
1397 1347 1443 1388 δὲ

78 1412 120 1455 οἱ
146 1410 381 1469 ἅνθρωποι
408 1407 529 1456 οὗτοι
553 1413 705 1469 γόητες
731 1410 859 1455 εἶναι·
891 1414 1088 1468 λέγονται
1112 1413 1192 1469 γὰρ
1218 1411 1306 1457 ὑπὸ
1334 1421 1442 1456 Σκυ-

77 1483 196 1522 θέων
221 1482 292 1523 καὶ
313 1478 518 1536 Ἑλλήνιον
549 1484 634 1523 τῶν
666 1479 708 1523 ἐν
738 1485 790 1536 τῇ
817 1484 1011 1536 Σκυθικῇ
1042 1484 1358 1535 κατοικημένων
1385 1479 1443 1532 (ὗς

78 1547 195 1598 ἔτεος
225 1546 406 1591 ἑκάστου
440 1545 562 1600 ἅπαξ
589 1552 674 1590 τῶν
705 1552 883 1603 Νευριῦν
916 1548 1093 1599 ἕκαστος
1125 1549 1252 1599 λύκος
1281 1552 1443 1603 γίνεται

77 1613 239 1672 ἡμέρας
264 1614 412 1671 ὀλίγας
436 1618 509 1658 καὶ
529 1610 651 1667 αὖτις
672 1614 816 1659 ὀπίσω
838 1615 880 1667 ἐς
898 1614 1039 1659 τώυτὸ
1060 1618 1327 1659 κατίσταται.
1369 1615 1442 1669 ἐμὲ

77 1687 155 1737 μέν
185 1701 256 1725 νυν
287 1687 426 1726 ταῦτα
457 1682 650 1739 λέγοντες
683 1681 730 1726 οὐ
764 1687 994 1734 πείθουσι,
1034 1685 1208 1738 λέγουσι
1245 1684 1291 1726 δὲ
1322 1681 1443 1726 οὐδὲν

79 1750 217 1802 ἕσσον,
246 1753 318 1793 καὶ
344 1748 498 1804 ὀμνῦσι
520 1751 566 1793 δὲ
585 1753 789 1806 λέγοντες.
823 1749 1107 1807 Ἀνδροφάγοι
1128 1751 1174 1793 δὲ
1195 1748 1444 1807 ἀγριώτατα

78 1818 255 1861 πάντων
287 1816 541 1874 ἀνθρώπων
573 1818 718 1871 ἔχουσι
747 1816 881 1874 ἤθεα,
923 1816 1020 1861 οὕτε
1053 1819 1170 1874 δίκην
1201 1820 1444 1873 νομίζοντες

79 1883 176 1928 οὔτε
201 1886 320 1942 νόμῳ
348 1884 490 1929 οὐδενὶ
511 1887 751 1941 χρεόμενοι.
800 1887 986 1940 νομάδες
1012 1886 1059 1928 δέ
1084 1886 1181 1937 εἰσι,
1210 1885 1379 1942 ἐσθῆτα
1399 1888 1445 1930 δὲ

79 1952 290 2009 φορέουσι
314 1957 365 2010 τῇ
391 1957 585 2010 Σκυθικῇ
613 1952 778 2010 ὁμοίην,
812 1955 1012 2009 γλῶσσαν
1039 1954 1085 1996 δὲ
1111 1954 1221 2009 ἰδίην
1248 1953 1441 2007 ἔχουσι,

78 2019 513 2077 ἀνθρωποφαγέουσι
545 2022 591 2064 δὲ
621 2025 776 2075 μοῦνοι
805 2022 983 2064 τούτων.
1045 2021 1362 2076 Μελάγχλαινοι
1399 2023 1445 2064 δὲ

78 2087 236 2142 εἵματα
259 2088 336 2142 μὲν
361 2089 525 2142 μέλανα
550 2092 762 2146 φορέουσι
781 2089 952 2140 πάντες,
983 2082 1120 2131 ἒπίῧν
1139 2090 1212 2131 καὶ
1230 2087 1308 2140 τὰς
1329 2089 1446 2132 ἕπω-

79 2160 234 2210 νυμίας
260 2155 418 2210 ἔχουσι,
445 2156 621 2211 νόμοισι
648 2157 694 2199 δὲ
713 2160 972 2200 Σκυθικοῖσι
990 2160 1200 2214 χρέονται.
1239 2157 1444 2200 Βουδῖνοι

80 2224 127 2266 δὲ
158 2223 288 2275 ἔθνος
320 2223 389 2266 ἐὸν
420 2227 531 2280 μέγα
561 2226 632 2267 καὶ
664 2223 827 2267 πολλὸν
857 2225 1040 2280 γλαυκόν
1071 2241 1116 2267 τε
1148 2228 1236 2267 πᾶν
1263 2224 1447 2279 ἰσχυρῶς

80 2290 174 2333 ἐστι
198 2292 269 2333 καὶ
294 2291 473 2346 πυρρόν.
511 2292 642 2341 πόλις
668 2292 714 2334 δὲ
736 2291 777 2334 ἐν
799 2289 973 2334 αὐτοῖσι
992 2291 1262 2334 πεπόλισται
1288 2293 1443 2346 ξυλίνη,

82 2356 246 2411 οὕνομα
273 2357 319 2399 δὲ
343 2361 394 2413 τῇ
421 2358 527 2401 πόλι
553 2357 643 2401 ἐστὶ
666 2359 876 2408 Γελωνός·
902 2362 980 2401 τοῦ
1007 2359 1052 2400 δὲ
1070 2362 1232 2411 τείχεος
1250 2362 1445 2413 μέγαθος

81 2427 218 2468 κιῦλον
250 2424 428 2467 ἕκαστον
458 2426 687 2480 τριήκοντα
725 2426 913 2468 σταδίων
945 2425 1053 2476 ἐστί,
1093 2423 1261 2480 ὑψηλὸν
1299 2425 1448 2484 δὲ’-καὶ

82 2497 171 2536 πᾶν
197 2494 383 2544 ξύλινον,
417 2494 486 2535 καὶ
514 2492 647 2535 οἰκίαι
673 2490 815 2534 αὐτῶν
842 2493 1007 2544 ξύλιναι
1038 2494 1109 2534 καὶ
1140 2491 1193 2535 τὰ
1221 2492 1305 2547 ἱρά.
1355 2492 1447 2535 ἔστι

82 2559 163 2617 γὰρ
191 2559 240 2615 δὴ
268 2557 431 2603 αὐτόθι
446 2558 696 2615 Ἑλληνικῶν
721 2563 840 2602 θεῶν
868 2558 939 2617 ἱρὰ
954 2557 1202 2615 Ἑλληνικῶς
1225 2574 1448 2602 κατεσκευ-

83 2630 248 2681 ασμένα
268 2624 488 2682 ἀγάλμασί
510 2643 557 2670 τε
576 2630 645 2670 καὶ
665 2631 858 2682 βωμοῖσι
877 2629 948 2669 καὶ
968 2635 1109 2682 νηοῖσι
1130 2628 1349 2679 ξυλίνοισι,
1376 2629 1447 2670 καὶ

82 2699 145 2751 τῷ
171 2695 369 2751 Διονύσῳ
395 2695 667 2751 τριετηρίδας
692 2692 901 2750 ἀνάγουσι
932 2696 1002 2737 καὶ
1033 2695 1306 2748 βακχεύουσι.
1362 2695 1446 2738 εἰσὶ

82 2761 164 2818 γὰρ
192 2762 233 2805 οἱ
252 2764 440 2805 Γελωνοὶ
463 2761 513 2806 τὸ
541 2761 718 2818 ἀρχαῖον
734 2759 941 2818 Ἓλληνες,
971 2762 1014 2805 ἐκ
1042 2763 1088 2805 δὲ
1114 2766 1200 2805 τῶν
1226 2761 1448 2820 ἐμπορίων

1467 684 1516 709 104

1467 1022 1516 1048 105

1470 1765 1519 1791 106

1471 2034 1519 2060 107

1475 2169 1524 2194 108
