1794 3282
198 743 246 769 147

197 1350 246 1376 148

201 2430 249 2455 149

202 2700 250 2724 1510

269 250 354 292 240
650 255 965 290 ΗΡΟΔΟΤΟΥ
989 255 1029 288 Γ.
1061 254 1249 290 146-150.

265 327 344 378 τὰς
369 326 526 376 πύλας,
562 323 680 379 ἐξῆκε
706 322 781 365 ἐπὶ
806 321 908 374 τοὺς
932 322 1104 380 Πέρσας
1130 321 1228 366 οὕτε
1261 324 1634 381 προσδεκομένους

265 398 440 437 τοιοῦτο
468 390 590 434 οὐδὲν
616 389 844 442 δοκέοντάς
868 407 914 433 τε
941 390 990 447 δὴ
1018 391 1162 433 πάντα
1182 392 1461 446 συμβεβάναι.
1500 390 1633 445 έμπε·

269 461 416 510 σόντες
442 460 488 502 δὲ
514 458 557 501 οἱ
582 457 809 514 ἐπίκουροι
832 462 919 501 τῶν
939 461 1140 512 Περσέων
1164 457 1265 509 τοὺς
1285 457 1634 516 διφροφορεομέ-

267 543 366 578 νους
396 543 442 569 τε
472 527 544 569 καὶ
576 525 704 582 λόγου
738 528 945 569 πλείστου
974 525 1123 576 ἐόντας
1154 525 1348 568 ἔκτεινον.
1409 529 1480 569 καὶ
1512 520 1634 569 οὗτοι

268 596 344 648 μὲν
374 598 510 637 ταῦτα
541 593 733 645 ἐποίευν,
774 591 800 650 ἡ
832 594 878 636 6&
909 591 1013 649 ἄλλη
1048 591 1226 650 στρατιὴ
1259 590 1282 648 ἡ
1314 592 1500 650 Περσικὴ
1534 592 1635 636 έπε-

269 662 436 715 βώθεε·
474 661 725 715 πιεζόμενοι
752 661 798 704 δὲ
824 661 867 704 οἱ
893 660 1116 716 ἐπίκουροι
1143 658 1288 703 ὀπίσω
1314 661 1635 717 κατειλήθησαν

272 729 314 780 ἐς
339 728 413 785 τὴν
439 726 689 786 ἀκρόπολιν.
747 727 914 785 Ὀτάνης
947 729 993 771 6&
1025 725 1047 770 ὃ
1083 727 1321 785 στρατηγὸς
1354 727 1458 770 ἰδὼν
1483 728 1636 778 πάθος

270 801 380 852 μέγα
393 800 563 852 Πέρσας
582 797 881 848 πεπονθότας,
911 796 1085 846 ἐντολάς
1104 812 1151 838 τε
1169 794 1246 846 τὰς
1260 795 1446 852 Δαρεῖός
1466 795 1508 838 οἱ
1523 792 1636 837 ἀπο-

273 866 458 907 στέλλων
491 863 746 915 ἐνετέλλετο,
785 864 892 920 μήτε
923 869 1098 906 κτείνειν
1129 863 1291 919 μηδένα
1321 867 1498 917 Σαμίων
1529 863 1636 918 μήτε

272 930 677 988 ἀνδραποδίζεσθαι
703 929 888 974 ἀπαθέα
912 947 959 974 τε
983 935 1121 973 κακῶν
1148 928 1391 974 ἀποδοῦναι
1411 929 1485 986 τὴν
1509 935 1636 986 νῆσον

272 1002 532 1051 Συλοσῶντι,
559 1000 725 1042 τούτων
743 1000 819 1054 μὲν
838 1003 924 1042 τῶν
944 998 1147 1042 ἐντολέων
1171 1002 1435 1054 μεμνημένος
1456 997 1636 1041 ἐπελαν-

271 1067 446 1118 θάνετο,
475 1064 497 1109 ὃ
521 1067 566 1109 δὲ
585 1067 846 1123 παρήγγειλε
864 1071 915 1124 τῇ
936 1071 1114 1123 στρατιῇ
1129 1067 1274 1109 πάντα
1292 1065 1366 1109 τὸν
1381 1064 1431 1109 ἂν
1452 1066 1631 1120 λάβωσι,

270 1135 341 1176 καὶ
362 1131 497 1190 ἄνδρα
516 1136 588 1177 καὶ
608 1135 759 1186 παῖδα,
789 1132 951 1188 ὁμοίιος
969 1139 1157 1177 κτείνειν.
1199 1133 1390 1176 ἐνθαῦτα
1409 1137 1484 1189 τῆς
1505 1149 1634 1189 στρα-

270 1205 364 1257 τιῆς
397 1201 438 1243 οἱ
467 1202 542 1254 μὲν
573 1200 646 1258 τὴν
684 1199 921 1257 ἀκρόπολιν
954 1201 1250 1256 ἐπολιόρκεον,
1290 1200 1333 1243 οἱ
1369 1202 1415 1243 6&
1452 1200 1634 1243 ἔκτεινον

271 1269 416 1311 πάντα
441 1267 512 1311 τὸν
539 1268 742 1322 ἐμποδὼν
766 1270 1000 1324 γινόμενον,
1030 1267 1192 1322 ὁμοίως
1219 1268 1260 1311 ἓν
1286 1285 1330 1311 τε
1359 1268 1435 1325 ἱρῷ
1462 1269 1532 1310 καὶ
1554 1267 1632 1319 ἔξω

273 1336 378 1393 ἱροῦ.
439 1336 707 1390 Μαιάνδριος
734 1334 773 1378 δ’
792 1334 991 1392 ἀποδρὰς
1023 1335 1066 1377 ἐκ
1096 1339 1171 1391 τῆς
1195 1336 1345 1389 Σάμου
1380 1334 1566 1377 ἓκπλώει
1593 1334 1636 1385 ἒς

269 1403 595 1456 Λακεδαίμονα·
634 1401 897 1457 ἀπικόμενος
924 1401 963 1445 δ’
983 1403 1025 1453 ές
1050 1400 1181 1458 αὐτὴν
1211 1404 1283 1444 καὶ
1315 1400 1635 1456 ἀνενεικάμενος

268 1471 322 1514 τὰ
343 1470 447 1524 ἔχων
467 1469 716 1526 ἐξεχώρησε,
746 1469 892 1513 ἐποίεε
911 1470 1080 1512 τοιάδε·
1108 1468 1218 1520 ὅκως
1238 1469 1428 1525 ποτήρια
1448 1467 1634 1526 ἀργύρεά

268 1555 314 1581 τε
350 1540 422 1579 καὶ
455 1537 616 1594 χρύσεα
652 1537 962 1594 προθέοιτο,
1004 1537 1046 1579 οἱ
1080 1538 1156 1590 μὲν
1192 1537 1464 1593 θεράποντες
1501 1534 1635 1579 αὐτοῦ

270 1604 468 1659 ἓξέσμεον
495 1602 623 1656 αὐτά,
658 1603 680 1647 ὁ
716 1603 754 1647 δ’
774 1603 824 1647 ἂν
854 1603 928 1647 τὸν
951 1605 1103 1661 χρόνον
1133 1609 1286 1647 τοῦτον
1317 1608 1378 1659 τῴ
1403 1606 1636 1658 Κλεομένεϊ

267 1677 328 1728 τῷ
351 1670 681 1729 Ἀναξανδρίδεω
715 1672 756 1715 ἒν
787 1672 958 1728 λόγοισι
991 1672 1082 1724 ἐών,
1115 1672 1390 1727 βασιλεύοντι
1416 1672 1631 1730 Σπάρτης,

269 1739 435 1796 προῆγέ
463 1757 537 1794 μιν
571 1739 613 1790 ἒς
643 1737 698 1782 τὰ
732 1740 866 1783 οἰκία·
906 1738 1016 1791 ὅκως
1055 1741 1101 1783 6&
1131 1740 1272 1783 ἰ’δοιτο
1304 1742 1545 1796 Κλεομένης
1580 1740 1635 1783 τὰ

269 1808 471 1865 ποτήρια,
500 1806 774 1862 ἀπεθώμαζέ
797 1825 843 1850 τε
863 1810 934 1851 καὶ
955 1807 1262 1863 ἐξεπλήσσετο·
1291 1806 1312 1850 ὅ
1335 1808 1380 1850 δὲ
1401 1806 1452 1850 ἂν
1472 1807 1634 1851 ἐκέλευε

270 1874 399 1918 αὐτὸν
425 1874 739 1932 ἀποφέρεσθαι
765 1874 906 1918 αὐτῶν
932 1873 1015 1919 ὅσα
1038 1877 1258 1931 βούλοιτο.
1319 1880 1446 1919 τοῦτο
1472 1878 1544 1918 καὶ
1570 1876 1635 1927 δὶς

270 1945 343 1984 καὶ
366 1945 470 1999 1τρὶς
496 1943 701 1994 εἴπαντος
728 1944 995 1999 Μαιανδρίου
1032 1941 1054 1986 ὁ
1086 1946 1328 2000 Κλεομένης
1361 1944 1634 1994 δικαιότατος

272 2008 439 2066 ἀνδρῶν
475 2015 656 2065 γίνεται,
697 2010 744 2061 ὃς
780 2013 926 2064 λαβεῖν
961 2011 1037 2064 μὲν
1075 2011 1280 2064 διδόμενα
1318 2009 1393 2053 οὗκ
1427 2010 1629 2062 ἐδικαίου,

269 2076 430 2131 μαθων
458 2078 503 2119 δὲ
529 2075 587 2128 ῶς
614 2075 785 2120 ἄλλοισι
812 2076 957 2128 διδοὺς
981 2082 1067 2120 τῶν
1088 2076 1230 2120 ἀστῶν
1251 2076 1479 2134 εὑρήσεται
1498 2095 1633 2133 τιμω-

272 2147 377 2201 ρίην,
404 2143 486 2199 βὰς
513 2143 586 2187 ἐπὶ
610 2144 709 2195 τοὺς
736 2144 922 2202 ἐφόρους
948 2142 1121 2199 ἄμεινον
1147 2143 1257 2188 εἶναι
1278 2145 1360 2202 ἔφη
1381 2149 1431 2201 τῇ
1451 2147 1632 2203 Σπάρτῃ

271 2211 345 2254 τὸν
371 2213 506 2264 ξεῖνον
537 2211 610 2255 τὸν
636 2211 801 2266 Σάμιον
833 2211 1206 2256 ἀπαλλάσσεσθαι
1237 2212 1281 2255 ἐκ
1311 2217 1387 2269 τῆς
1411 2215 1634 2256 Πελοπον-

271 2280 422 2335 νήσου,
455 2279 526 2322 ‘iva
550 2278 606 2335 μὴ
635 2277 847 2336 ἀναπείσῃ
874 2278 900 2336 ἢ
927 2278 1056 2322 αὗτὸν
1084 2278 1108 2336 ἢ
1135 2278 1261 2323 ἄλλον
1292 2280 1388 2323 τινὰ
1413 2288 1634 2338 Σπαρτιη-

272 2347 378 2389 τέων
398 2346 525 2390 κακὸν
543 2345 762 2402 γενέσθαι.
798 2347 839 2389 οἱ
861 2345 1235 2399 δ’ὗπακούσαντες
1257 2348 1508 2405 ἐξεκήρυξαν
1521 2356 1635 2392 Μαι-

274 2415 459 2471 άνδριον.
486 2414 560 2471 τὴν
576 2415 621 2457 6&
632 2415 779 2468 Σάμον
794 2416 1130 2471 σαγηνεύσαντες
1144 2415 1186 2458 οἷ
1199 2418 1364 2471 Πέρσαι
1384 2416 1634 2473 παρέδοσαν

272 2485 520 2528 Συλοσῶντι
545 2481 700 2539 ἐρῆμον
726 2482 879 2526 έοῦσαν
912 2481 1090 2540 ἀνδρῶν,
1125 2481 1289 2540 ὑστέρῳ
1322 2487 1469 2537 μέντοι
1491 2484 1632 2540 χρόνῳ

272 2553 344 2593 καὶ
371 2554 668 2607 συγκατοίκισε
695 2548 824 2607 αὐτὴν
851 2548 872 2593 ὃ
901 2549 1140 2607 στρατηγὸς
1161 2549 1328 2606 Ὀτάνης
1357 2550 1401 2593 ἔκ
1425 2568 1473 2594 τε
1499 2542 1634 2607 ὄψιος

275 2617 441 2674 ὀνείρου
479 2620 551 2660 καὶ
579 2619 734 2661 νούσου
766 2616 793 2675 ἥ
817 2636 890 2672 μιν
914 2617 1123 2673 κατέλαβε
1154 2622 1364 2674 νουσῆσαι
1388 2617 1442 2660 τὰ
1469 2619 1633 2661 αἰδοῖα.

353 2684 449 2730 Ἐπὶ
470 2686 516 2728 δὲ
529 2686 676 2740 Σάμον
696 2686 1016 2743 στρατεύματος
1035 2689 1233 2728 ναυτικοῦ
1255 2685 1476 2740 οἰχομένου
1490 2690 1634 2740 Βαβυ-

275 2755 423 2797 λώνιοι
443 2752 704 2810 ἀπέστησαν,
725 2754 862 2809 κάρτα
882 2747 927 2796 εὖ
949 2756 1365 2811 παρεσκευασμένοι·
1393 2753 1434 2796 ἓν
1449 2750 1538 2809 ὅσῳ
1553 2752 1634 2809 γὰρ
