1794 3282
121 259 188 287 xil
704 259 758 284 DE
783 257 988 283 HERODOTI

119 335 363 380 ἀνθρωπηΐην
383 327 436 368 ὦν
457 333 695 375 ἐπιστάμενος
716 330 830 364 εἰδαί-
900 329 946 363 V.
981 329 1061 370 Qua
1084 330 1272 364 occasione
1295 331 1419 365 oblata
1436 333 1570 377 Operae

119 385 250 423 μονιήν
268 378 410 421 οὐδαμὰ
435 381 474 411 ἐν
491 377 621 419 τώυτῷ
639 380 830 418 μένουσαν,
858 384 944 407 sane
983 374 1138 418 pretium
1179 377 1380 410 accuratius
1417 377 1455 410 in
1488 388 1569 411 eam

120 425 364 467 ἐπιμνήσομαι
414 423 632 467 ἀμφοτέρων
687 420 830 462 ὁμοίως.
857 429 950 462 quae
976 419 1151 453 Herodoti
1174 420 1218 454 de
1243 421 1336 455 deis
1360 421 1470 456 fuerit
1492 423 1568 466 Opi-

119 470 137 503 I
170 471 212 504 31
251 472 364 502 ταῦτα
397 466 438 500 δέ
470 481 531 511 σᾳι
571 466 739 508 ποιήσασι
774 469 831 497 καὶ
857 463 916 497 1110
932 463 1126 506 inquirere.
1174 465 1230 498 Ac
1246 466 1400 510 primum
1420 466 1569 511 quidem

122 515 271 558 ὀφθεῖσι
288 511 363 546 ὑπὸ
382 516 442 552 τῆς
458 512 675 556 πανηγύριος
688 509 833 551 τελευτὴ
856 508 1064 551 tenendum,
1083 509 1307 544 Herodotum
1322 511 1496 545 eiusmodi
1510 523 1570 546 res

120 562 185 592 τοῦ
200 563 282 601 βίου
298 557 422 601 ἀρίστη
437 553 782 602 ἐπεγένετο,ὃιε’δεξέ
794 567 832 587 τε
858 557 1102 596 enarrantem,
1128 554 1259 598 quibus
1277 556 1424 590 deorum
1441 560 1568 601 poten-

121 608 160 636 ἐν
182 603 342 636 τούτοισι
367 600 385 634 ὸ
416 601 502 635 θεὸς
531 598 579 635 ὡς
609 600 756 642 ἄμεινον
780 600 832 639 εἴη
856 598 909 631 tia
932 598 1137 632 calamitate
1171 599 1293 643 aliqua
1323 601 1457 646 insigni
1486 613 1568 636 con-

120 646 503 690 (ιιθρώπῳτεθιγίται
516 644 652 685 μᾶλλον
666 642 686 686 ἢ
702 645 829 685 ζώειν).
858 643 983 687 spicua
1000 642 1052 680 fit,
1078 654 1149 687 qua
1166 645 1289 688 populi
1308 645 1487 690 singulive
1505 647 1568 680 ho-

167 691 406 735 Conqueritur
436 689 688 724 brevissimam
719 688 831 722 homi·
857 688 972 723 mines
995 688 1228 733 affliguntur,
1252 689 1413 724 divinum
1435 703 1568 726 numen

118 749 204 771 1111111
221 736 333 770 vitam
350 735 516 769 fortunae
533 734 704 768 varietati
723 734 831 767 obno-
857 744 928 767 una
964 733 1110 768 notione
1156 734 1461 779 comprehendere
1506 736 1568 780 (τὸ

119 783 215 816 xiam
232 782 284 815 ita
300 785 340 814 ut
364 782 408 814 de
430 780 538 814 rebus
560 779 830 824 humanishgra—
861 780 976 818 θεῖον,
1005 779 1046 811 τὸ
1071 779 1269 820 δαιμόνιον,
1303 781 1399 819 θεός,
1434 780 1453 813 ὁ
1480 782 1569 816 θεός

117 827 197 860 vius
229 826 437 870 tristiusque
463 825 685 859 existimasse
717 824 831 858 videri
856 823 914 857 ΙΙΙ
929 823 985 858 40.
1005 824 1082 858 108.
1098 824 1117 857 I
1133 824 1188 858 32.
1207 824 1244 857 II
1261 825 1316 858 20.
1334 825 1391 859 111
1410 826 1486 860 119.
1512 826 1568 861 VI

120 872 234 917 possit
252 871 310 913 (cf.
330 871 402 906 VII
420 871 463 905 46
480 882 511 903 v.
533 872 590 911 5.).
628 869 733 911 Quod
751 881 831 903 cum
858 869 910 903 12.
935 869 1009 903 VII
1026 870 1080 903 10.
1104 869 1161 902 IX
1185 870 1257 912 16);
1289 870 1419 904 deinde
1441 870 1480 904 in
1503 871 1569 915 eis,

119 918 212 951 bene
230 916 474 962 perspexisset
486 915 830 959 Fechnems(p.35),
857 925 949 958 quae
973 913 1040 947 fati
1063 914 1281 948 necessitate
1304 926 1496 960 rerumque
1515 916 1569 950 di-

120 963 210 996 scite
234 961 438 996 observavit
460 960 765 994 necessitudinem
789 971 831 993 ac
856 959 989 992 vinitus
1008 959 1202 993 constituto
1216 959 1341 994 ordine
1354 960 1456 1004 fiunt,
1473 972 1569 1004 quae

120 1007 388 1052 cognationem,
413 1016 506 1050 quae
524 1006 618 1039 inter
635 1005 831 1039 Homerum
856 1004 963 1037 nullis
980 1004 1164 1041 hominum
1179 1004 1384 1049 laboribus,
1408 1006 1571 1040 consiliis

118 1052 348 1097 tragicosque
381 1053 508 1095 poetas
542 1054 577 1084 et
606 1050 831 1084 Herodotum
856 1048 1025 1093 infringi,
1053 1049 1154 1083 nulla
1177 1053 1253 1083 arte
1277 1051 1389 1084 everti
1416 1054 1570 1096 possunt

118 1097 333 1131 intercedat.
387 1097 608 1129 Consentiunt
626 1107 701 1128 cum
718 1096 830 1128 Hero-
857 1094 927 1137 (ΙΙΙ
949 1094 993 1128 65
1018 1098 1056 1127 ἐν
1079 1097 1121 1140 τῇ
1145 1094 1212 1140 γὰρ
1237 1095 1458 1142 ἀνθρωπηίῃ
1481 1098 1569 1140 φύσι

118 1144 196 1175 doto
207 1141 500 1186 praestantissimi
518 1141 731 1174 Graecorwn
748 1144 830 1183 poe'-
858 1139 922 1172 οὐκ
956 1142 1040 1181 ἐνῆν
1072 1137 1140 1184 ἄρα
1169 1141 1210 1173 τὸ
1239 1139 1370 1181 μέλλον
1396 1143 1569 1185 γίνεσθαι

118 1195 172 1221 tae
188 1189 276 1221 velut
293 1187 465 1220 Homerus
483 1192 512 1219 et
530 1186 724 1229 Sophocles,
748 1196 830 1229 quo·
856 1183 1105 1226 ἀποτρέπειν),
1118 1183 1232 1218 utitur
1244 1185 1364 1219 verbis
1378 1185 1462 1222 ἔδεε,
1479 1189 1569 1228 χρῆ-ν

116 1244 194 1265 rum
222 1234 310 1266 alter
336 1233 499 1265 mortales
528 1231 705 1264 identidem
733 1236 830 1263 vocat
857 1229 906 1270 (Il
930 1230 1006 1264 161.
1033 1229 1090 1263 ΙΠ
1107 1229 1161 1263 64.
1191 1230 1246 1265 IV
1263 1230 1339 1264 179.
1370 1230 1406 1266 V
1422 1231 1477 1265 92.
1509 1231 1568 1266 ΙΧ

119 1276 272 1319 δειλούς,
298 1277 378 1322 quin
397 1277 496 1310 etiam
513 1282 624 1320 neglect,
650 1276 830 1320 quidquam
857 1274 951 1319 109),
975 1279 1097 1318 μοῖρα,
1121 1274 1163 1308 τὸ
1185 1279 1441 1318 πεπρωμένον,
1466 1275 1568 1311 cuius

117 1324 150 1355 in
183 1324 284 1356 terris
313 1323 467 1355 miserius
496 1333 565 1354 esse
593 1323 655 1361 (Il.
687 1322 706 1366 ῥ
733 1320 828 1362 446).
856 1319 924 1353 fati
951 1319 1025 1353 vim
1052 1319 1337 1364 insuperabilem
1370 1321 1566 1355 necessita-

122 1369 203 1407 Qais
227 1368 369 1400 similem
398 1367 568 1400 tristitiam
596 1368 630 1399 in
653 1366 832 1409 Sophoclis
856 1369 1000 1409 temque
1023 1376 1068 1399 ne
1086 1376 1108 1399 a
1131 1365 1209 1399 deis
1233 1365 1379 1410 quidem
1402 1367 1567 1411 superari

118 1415 230 1446 <mimo
250 1414 356 1446 inesse
379 1418 483 1455 neget,
507 1412 709 1456 quiquidem
730 1411 830 1444 vitam
857 1410 962 1444 docet
980 1410 1010 1452 <I
1029 1410 1069 1443 71
1090 1410 1154 1452 τὴν
1173 1415 1416 1455 πεπρωμένην
1433 1417 1568 1456 μοῖραν

118 1459 288 1491 hominum
317 1464 479 1502 tanquam
506 1457 663 1489 umbram
687 1462 716 1489 et
743 1467 830 1488 som-
857 1454 1017 1488 ἀδύνατά
1041 1458 1115 1488 ἐστι
1144 1457 1349 1500 ἀποφυγεῖν
1377 1461 1436 1490 καὶ
1461 1458 1565 1500 θεῷ).

118 1505 210 1536 m'zzm
233 1504 402 1547 quoddam
431 1503 474 1535 ab
496 1514 533 1535 eo
557 1503 624 1534 dici
644 1514 713 1534 ηοη
738 1502 830 1544 {9720-
855 1500 915 1533 Ab
932 1499 989 1533 his
1012 1500 1221 1534 certissimis
1244 1502 1569 1546 argumentationis

117 1555 173 1581 rat
191 1549 239 1591 (in
255 1549 361 1582 Aiace
378 1547 480 1589 125)ἕέ
506 1548 579 1591 quis
597 1559 666 1579 ηοη
683 1552 713 1579 et
726 1549 830 1580 Arta—
856 1544 1044 1590 principiis
1060 1544 1255 1589 profectus,
1279 1550 1319 1579 ut-
1335 1546 1372 1580 in
1389 1547 1470 1580 aliis
1487 1558 1567 1592 per-

119 1595 242 1626 bunum
261 1593 352 1636 apud
365 1593 575 1625 Herodotum
589 1598 619 1625 et
631 1592 831 1634 Sophoclem
855 1590 977 1623 multis
1001 1590 1076 1624 eius
1098 1591 1270 1634 temporis
1287 1592 1416 1635 poetis,
1439 1592 1477 1625 in
1494 1593 1567 1626 Ae-

117 1640 203 1672 idem
220 1638 293 1680 fere
310 1638 432 1670 sentire
449 1638 621 1678 concedat,
646 1648 721 1669 cum
739 1637 831 1669 locos
857 1635 1000 1679 sehylo,
1031 1634 1227 1679 Sophocle,
1258 1636 1310 1670 sic
1332 1636 1370 1669 in
1387 1636 1569 1671 Herodoti

118 1685 196 1717 illos
212 1683 340 1716 nobiles
354 1683 469 1726 leyerit
483 1682 577 1723 (Oed.
593 1688 654 1725 tyr.
671 1681 747 1714 118.
768 1682 830 1714 Co·
857 1691 998 1724 quoque
1022 1680 1141 1714 animo
1163 1680 1270 1713 unius
1299 1681 1358 1715 dei
1385 1681 1570 1716 notionem

118 1731 187 1762 lon.
206 1728 324 1771 12:25),
353 1728 484 1760 beatum
500 1727 565 1759 sibi
584 1727 690 1759 videri
705 1732 831 1759 morta·
856 1725 1069 1770 impressam
1082 1725 1231 1758 latuisse
1246 1727 1436 1770 contendo,
1455 1738 1567 1771 quan-

118 1776 200 1815 lem,
224 1775 302 1806 dum
326 1784 414 1806 vana
431 1773 578 1817 quadam
602 1772 760 1816 opinione
776 1772 829 1804 cle·
857 1781 965 1814 quam
979 1774 1146 1804 accurate
1161 1770 1348 1805 definitam
1362 1772 1568 1816 opinionem

120 1825 233 1862 ceptus
248 1819 339 1860 sit,et
353 1818 513 1861 optimum
527 1829 607 1858 esse,
623 1823 682 1850 aut
696 1817 830 1849 omnino
856 1815 912 1849 his
931 1816 975 1849 (le
992 1815 1100 1849 rebus
1118 1827 1189 1849 non
1206 1816 1377 1850 habebat.
1411 1817 1569 1852 Accedit

119 1876 190 1897 non
212 1864 323 1905 nasci,
355 1868 414 1895 aut
436 1863 494 1895 ube·
516 1868 618 1895 natus
641 1862 699 1902 sit,
728 1872 831 1905 quam

115 1910 266 1954 primum
291 1920 409 1941 rursus
432 1908 608 1950 eaestz'nqui.
657 1907 831 1939 Attamen

122 1964 208 1987 cave
227 1953 420 1995 existimes,
438 1952 663 1985 Herodotum
677 1951 721 1985 de
736 1951 831 1984 vitae

120 2000 298 2034 humanae
317 1997 527 2032 condicione
545 1996 597 2030 ita
615 1996 831 2030 sentientem

120 2045 157 2077 id
176 2047 372 2088 spectasse,
390 2046 430 2076 ut
445 2042 630 2076 hominum
647 2042 759 2075 animi
772 2041 831 2075 de-

122 2089 354 2123 bilitarentur
383 2092 492 2132 atque
523 2098 652 2132 segnes
680 2087 830 2124 inertes—

123 2145 192 2179 que
221 2134 259 2167 in
287 2134 395 2167 rebus
425 2133 595 2178 gerendis
619 2143 657 2166 se
680 2132 831 2176 praebe—

120 2184 217 2223 rent,
241 2179 349 2212 immo
366 2189 451 2212 vero
474 2178 588 2211 utitur
604 2178 673 2211 hac
691 2181 831 2211 senten-

121 2225 174 2259 tia
203 2225 250 2258 ad
277 2223 487 2268 primariam
521 2223 720 2256 doctrinam
752 2233 832 2267 pro—

121 2270 281 2304 bandam
299 2272 406 2312 atque
425 2267 707 2302 confirmandam
724 2277 833 2310 quam

121 2314 321 2349 identidem
342 2314 537 2347 inculcavit
565 2312 760 2355 monendo,
795 2317 834 2346 ut

122 2360 285 2394 homines
302 2358 413 2392 divini
430 2358 585 2392 numinis
603 2362 665 2391 aut
687 2357 755 2390 fati
771 2368 832 2402 po-

122 2405 236 2439 tentia
252 2407 461 2449 perspecta,
486 2413 558 2446 qua
574 2413 631 2436 res
654 2403 834 2436 humanae

124 2454 312 2495 reganssu,
352 2449 510 2483 colentes
542 2447 758 2492 religionem
792 2458 834 2481 ac

124 2496 298 2539 pietatem
322 2505 410 2539 erga
434 2494 520 2527 deos
544 2504 565 2527 a
588 2493 759 2538 superbia
781 2488 848 2526 in-'

122 2540 296 2584 iuriisque
311 2539 546 2573 abstinerent.
578 2538 673 2573 Nam
687 2538 834 2582 quicun-

125 2596 194 2629 que
217 2595 360 2629 semper
382 2583 643 2629 cupiditatibus
666 2583 739 2617 suis
762 2594 834 2616 mo-

126 2632 271 2664 deratur
287 2640 405 2673 neque
422 2629 662 2663 reverentiam
685 2632 835 2662 metum-

126 2686 194 2719 que
213 2675 361 2708 deorum
383 2674 565 2719 neglegit,
595 2685 677 2707 eum
694 2673 834 2718 gravio-

125 2731 204 2753 rum
242 2719 489 2753 calamitatum
528 2722 713 2763 expertem
758 2718 835 2752 fore

126 2764 333 2799 Herodotus
352 2763 510 2797 confidit.

857 1861 953 1904 quod
976 1861 1021 1895 de
1044 1864 1174 1894 natura
1196 1861 1344 1894 deorum
1373 1862 1460 1906 quid
1489 1873 1568 1896 sen-

857 1905 943 1939 serit
966 1905 1174 1939 Herodotus
1202 1917 1273 1939 non
1295 1905 1404 1941 facile
1428 1908 1569 1952 perspi-

857 1951 967 1993 citur,
1001 1951 1087 1995 quia
1114 1950 1251 1993 ubique
1285 1963 1423 1986 summa
1455 1953 1569 1987 divini

856 1995 1011 2029 numinis
1027 1996 1246 2030 verecundia
1260 1996 1388 2031 ductus
1402 1997 1446 2031 de
1460 1998 1570 2032 rebus

857 2041 988 2074 divinis
1022 2044 1125 2075 caute
1158 2045 1268 2085 atque
1296 2042 1461 2077 restricte
1491 2044 1570 2088 agit

858 2086 917 2124 (ef.
933 2086 970 2119 II
983 2086 1027 2120 65
1044 2086 1087 2119 τὰ
1108 2087 1192 2119 θεῖα
1212 2087 1402 2131 πρήγματα
1421 2088 1490 2134 ἐγω
1502 2090 1570 2132 μά-

857 2131 1086 2177 λισταφείγω
1096 2130 1320 2177 ἀπηγέεσθαι
1335 2132 1390 2166 IX
1398 2133 1442 2167 65
1451 2132 1568 2167 δοκέω

858 2176 906 2216 δέ,
926 2178 1008 2210 εἴτι
1027 2181 1108 2218 περὶ
1122 2180 1198 2209 τῶν
1214 2177 1329 2210 θείων
1344 2179 1569 2222 πρηγμάτων

859 2220 997 2254 δοκέειν
1015 2220 1069 2254 δεῖ
1084 2221 1121 2255 II
1139 2222 1170 2255 3.
1185 2221 1240 2255 46.
1255 2221 1310 2255 47.
1324 2222 1379 2256 86.
1396 2223 1471 2257 13⁶2.
1489 2224 1566 2258 170.

858 2267 946 2309 171).
995 2265 1133 2306 Quodsi
1154 2266 1380 2300 Herodotum
1410 2268 1570 2303 veriores

859 2312 903 2345 de
931 2315 1061 2345 natura
1084 2311 1232 2344 deorum
1254 2311 1418 2346 notiones
1440 2313 1570 2347 insitas

859 2360 895 2390 et
918 2356 1021 2400 quasi
1045 2356 1276 2400 consignatas
1298 2357 1335 2390 in
1363 2357 1482 2392 animo
1504 2359 1568 2393 ha-

858 2401 979 2435 buisse
1002 2412 1073 2435 non
1098 2400 1248 2435 difficile
1273 2405 1327 2435 est
1350 2403 1397 2436 ad
1413 2403 1569 2448 proban-

860 2447 961 2486 dum,
990 2450 1113 2480 tamen
1143 2458 1185 2481 ex
1208 2447 1402 2492 singularis
1430 2449 1571 2483 numeri

858 2503 925 2525 usu
940 2492 1052 2533 (θεός,
1069 2493 1186 2529 θεῖον,
1206 2491 1408 2535 δαιμόνιον)
1422 2493 1569 2528 minime

860 2536 1123 2582 colligendum,
1154 2536 1340 2571 Herodoto
1362 2537 1401 2571 id
1429 2539 1570 2572 consilii

846 2574 971 2616 *fuisse
989 2586 1029 2615 ut
1046 2582 1132 2616 deos
1149 2582 1286 2626 patrios
1302 2583 1463 2625 tolleret,
1488 2595 1570 2618 cum

847 2627 1071 2671 ¹saepissime
1090 2638 1150 2660 eos
1168 2631 1419 2662 commemoret
1433 2631 1469 2662 et
1483 2639 1572 2674 erga

861 2683 921 2706 eos
938 2672 1113 2717 pietatem
1130 2672 1366 2706 commendet.
1393 2673 1471 2706 Iam
1489 2684 1570 2707 cum

860 2728 988 2762 parum
1017 2717 1064 2750 sit
1090 2716 1299 2760 probabile,
1332 2717 1570 2762 Herodotum,

847 2773 930 2806 vquo
956 2765 1033 2796 erat
1060 2761 1168 2795 animi
1198 2762 1352 2796 candore
1382 2767 1490 2808 atque
1517 2763 1571 2798 in-
