1794 3282
197 648 243 672 142

199 1120 247 1145 143

206 1933 254 1956 14⁴

212 2540 262 2565 145

266 221 350 263 296
648 227 963 263 ΗΡΟΔΟΤΟΥ
993 229 1035 261 Δ.
1062 227 1254 263 141-145.

268 296 370 354 ἀνὴρ
389 296 634 352 Αἰγύπτιος
659 294 837 351 φωνέων
860 299 1063 352 μέγιστον
1088 293 1359 352 ἀνθρώπιον·
1387 300 1540 339 τοῦτον
1559 294 1634 339 τὸν

269 363 403 420 ἄνδρα
433 363 706 406 καταστάντα
744 361 818 406 ἐπὶ
853 367 929 405 τοῦ
963 365 1130 417 χείλεος
1164 367 1241 406 τοῦ
1265 361 1429 419 Ἴστρου
1471 363 1634 406 ἐκέλευε

268 437 453 486 Δαρεῖος
489 431 655 473 καλέειν
686 428 887 474 Ἱστιαῖον
923 431 1150 487 Μιλήσιον.
1220 429 1242 473 ὅ
1279 432 1356 485 μὲν
1400 430 1450 487 δὴ
1489 431 1636 474 ἐποίεε

268 502 416 550 ταῦτα,
440 496 641 549 Ἱστιαῖος
667 497 755 540 δὲ’
738 499 987 550 επακούσας
1010 503 1072 555 τιῦ
1097 498 1261 556 πρώτω
1282 499 1538 552 κελεύσματι
1557 500 1637 549 τάς

272 582 315 608 τε
340 570 436 616 νέας
463 563 641 616 ἁπάσας
667 575 847 622 παρεῖχε
875 565 1224 624 διαπορθμεύειν
1248 564 1322 622 τὴν
1342 563 1545 622 στρατιὴν
1565 567 1637 607 καὶ

271 632 341 689 τὴν
372 637 562 691 γέφυραν
595 633 747 685 έζευξε.
809 638 976 690 Πέρσαι
1006 635 1082 688 μὲν
1115 635 1172 677 ὠν
1211 631 1324 677 οῖ’τω
1363 632 1635 689 ἐκφεύγουσι,

269 701 443 744 Σκύθαι
469 701 515 743 δὲ
542 701 759 757 διζήμενοι
784 703 854 744 καὶ
885 701 933 745 τὸ
967 702 1166 757 δεύτερον
1198 698 1387 758 ἣμαρτον
1417 705 1503 744 τῶν
1528 708 1639 754 Περ-

272 772 391 819 σέων,
420 770 490 810 καὶ
516 773 644 811 τοῦτο
670 772 758 823 μέν,
789 767 847 819 ὡς
874 768 1022 820 ἐόντας
1037 768 1185 820 Ἴωνας
1212 768 1487 823 ἐλευθέρους,
1519 770 1639 809 κακί-

272 851 398 886 στους
440 852 486 878 τε
535 838 607 878 καὶ
656 834 999 892 ἀνανδροτάτους
1041 841 1234 893 κρίνουσι
1283 834 1391 879 εἶναι
1435 833 1639 878 ἁπάντων

272 901 536 960 ἀνθρώπων,
563 908 692 946 τοῦτο
721 905 778 956 δέ,
808 902 867 955 ὥς
893 904 1058 947 δούλων
1072 902 1224 948 Ἰώνων
1242 903 1317 946 τὸν
1336 904 1463 960 λόγον
1488 901 1640 945 ποιεύ-

270 987 409 1024 μενοι,
445 969 702 1026 ἀνδράποδα
728 972 1032 1028 φιλοδέσποτα
1067 988 1176 1029 φασι
1207 969 1318 1014 εἶναι
1348 972 1421 1013 καὶ
1447 967 1640 1026 ἄδρηστα

271 1039 476 1093 μάλιστα.
537 1044 675 1081 ταῦτα
706 1040 781 1093 μὲν
817 1038 866 1095 δὴ
892 1040 1092 1096 Σκύθῃσι
1119 1037 1325 1090 εἶς’ζῖωνας
1356 1036 1638 1094 ἀπέρριπται.

358 1113 543 1163 Δαρεῖος
576 1107 621 1149 δὲ
648 1105 721 1149 διὰ
746 1111 820 1163 τῆς
850 1111 1031 1163 Θρηίκης
1062 1107 1357 1162 πορευόμενος
1389 1104 1570 1148 ἀπίκετο
1598 1104 1640 1154 ἐς

272 1173 438 1229 Σηστὸν
457 1177 532 1229 τῆς
547 1175 844 1230 Χερσονήσου·
873 1173 1070 1216 ἐνθεῦτεν
1093 1175 1139 1216 δὲ
1161 1172 1290 1224 αὐτὸς
1310 1174 1387 1227 μὲν
1402 1174 1521 1228 διέβη
1540 1176 1639 1228 τῇσι

274 1243 398 1297 νηυσὶ
429 1240 471 1292 ἒς
502 1239 575 1297 τὴν
598 1239 749 1298 Ἀσίην,
784 1244 926 1284 λείπει
958 1242 1004 1283 δὲ
1037 1240 1274 1297 στρατηγὸν
1301 1240 1342 1283 ἓν
1367 1245 1419 1297 τῇ
1444 1238 1640 1295 Εὖρώπῃ

275 1308 527 1364 Μεγάβαζον
554 1306 688 1363 ἄνδρα
714 1313 894 1365 Πέρσην,
922 1313 983 1364 τῷ
1010 1309 1196 1362 Δαρεῖός
1221 1324 1318 1350 κοτε
1345 1307 1475 1349 ἔδωκε
1500 1310 1639 1362 γέρας,

275 1376 442 1418 τοιόνδε
462 1377 591 1425 εἴπας
611 1375 653 1417 ἐν
672 1380 864 1432 Πέρσῃσι
887 1375 1004 1426 ἔπος.
1044 1373 1297 1431 ὡρμημένου
1313 1378 1499 1432 Δαρείου
1521 1372 1643 1430 ῥοιὰς

275 1443 470 1498 τρώγειν,
518 1440 578 1493 ὥς.
614 1440 755 1494 ἄνοιξε
790 1444 976 1496 τάχιστα
1017 1441 1092 1499 τὴν
1130 1443 1306 1498 πρώτην
1348 1446 1434 1484 τῶν
1476 1442 1640 1498 ῥοιέων,

277 1510 415 1567 εἴρετο
448 1507 578 1552 αὖτὸν
610 1507 632 1553 ὃ
668 1508 880 1567 ἀδελφεὸς
901 1508 1158 1567 Ἀρτάβανος
1191 1507 1216 1552 ὅ
1240 1527 1282 1553 τι
1312 1507 1570 1564 βούλοιτ’ὂῖν
1602 1509 1644 1551 οἱ

276 1581 458 1620 τοσοῦτο
480 1579 656 1634 πλῆθος
675 1581 883 1633 γενέσθαι
905 1575 1001 1621 ὅσοι
1022 1577 1063 1621 ἐν
1082 1581 1134 1634 τῇ
1154 1579 1250 1635 ῥοιῇ
1270 1578 1434 1620 κόκκοι·
1460 1584 1645 1633 Δαρεῖος

279 1646 323 1687 δὲ
355 1642 451 1687 εἷπε
475 1646 758 1700 Μεγαβάζους
790 1644 839 1688 ἄν
872 1645 913 1688 οἱ
942 1646 1179 1696 τοσούτους
1212 1643 1405 1702 ἀριθμὸν
1435 1648 1644 1700 γενέσθαι

276 1713 521 1767 βούλεσθαι
555 1715 718 1767 μᾶλλον
755 1711 781 1769 ἢ
817 1712 892 1770 τὴν
920 1711 1102 1757 Ἑλλάδα
1138 1711 1341 1769 ὑπήκοον.
1404 1711 1446 1755 ἐν
1481 1712 1557 1766 μὲν
1595 1710 1644 1768 δη

279 1785 470 1838 Πέρσησι
494 1781 632 1824 ταῦτά
662 1799 735 1835 μιν
763 1782 891 1832 είπας
917 1781 1060 1836 ἐτίμα,
1093 1781 1192 1824 τότε
1219 1782 1264 1823 δὲ
1296 1778 1425 1824 αυτὸν
1456 1777 1646 1823 ὑπέλιπε

279 1848 514 1905 στρατηγὸν
531 1849 680 1902 έχοντα
699 1853 773 1905 τῆς
788 1853 990 1905 στρατιῆς
1008 1853 1082 1905 τῆς
1097 1848 1260 1891 ἑωυτοῦ
1284 1846 1394 1891 ὂκτω
1413 1848 1643 1904 μυριάδας.

281 1933 405 1967 ουτος
432 1914 523 1959 δὲκ
504 1934 525 1959 ο
552 1917 807 1972 Μεγάβαζος
833 1918 962 1967 είπας
987 1917 1088 1959 τόδε
1112 1915 1161 1959 τὸ
1190 1915 1295 1967 ε’πος
1328 1915 1500 1958 ελίπετο
1528 1913 1645 1957 &2902-

279 2000 404 2026 νατον
447 2001 612 2039 μνηιιην
654 2001 766 2040 προς
804 1982 1163 2039 Ἑλλησποντίων·
1211 1983 1438 2038 γενόμενος
1478 1981 1559 2038 γὰρ
1604 1981 1645 2024 ἐν

279 2051 500 2106 Βυζαντίῳ
534 2050 728 2093 ἐπύθετο
761 2049 1050 2093 ἑπτακαίδεκα
1081 2049 1196 2093 ἔτεσι
1234 2050 1446 2106 πρότερον
1476 2051 1645 2105 Καλχη-

284 2119 452 2168 δονίους
483 2122 712 2168 κτίσαντας
741 2116 815 2173 τὴν
842 2117 985 2174 χώρην
1015 2117 1278 2169 Βυζαντίων,
1312 2117 1567 2170 πυθόμενος
1599 2117 1646 2159 δὲ

284 2186 365 2243 ἔφη
402 2185 720 2241 Καλχηδονίους
756 2189 907 2227 τοῦτον
943 2184 1017 2228 τὸν
1049 2185 1203 2240 χρόνον
1239 2184 1459 2239 τυγχάνειν
1497 2183 1646 2234 ἐόντας

282 2252 494 2309 τυφλούς·
538 2268 586 2294 ου
624 2251 704 2309 γὰρ
744 2270 793 2295 αν
835 2257 913 2296 τοῦ
950 2254 1174 2303 καλλίονος
1210 2252 1451 2308 παρεόντος
1492 2251 1646 2303 κτίζειν

282 2320 424 2377 χώρου
451 2337 524 2362 τον
551 2319 748 2372 αἰσχίονα
774 2319 974 2370 ελέσθαι,
1009 2319 1047 2362 εἰ
1075 2318 1133 2375 μὴ
1160 2321 1268 2375 ἦσαν
1298 2320 1470 2376 τυφλοί.
1522 2312 1649 2369 οὗτος

286 2387 334 2445 δη
364 2390 421 2430 ὠν
445 2387 545 2430 τότε
572 2404 594 2429 ο
620 2387 875 2466 Μεγάβαζος
901 2387 1139 2444 στρατηγὸς
1164 2385 1413 2444 λειφθεὶς
1395 2404 1437 2429 εν
1456 2390 1507 2443 τῆ
1528 2386 1646 2443 χώρῃ

280 2456 620 2512 Ἑλλησποντίων
644 2454 745 2506 τοὺς
769 2455 826 2511 μὴ
852 2455 1108 2511 μηδίζοντας
1131 2457 1460 2510 κατεστρέφετο.

374 2518 504 2574 Οὗτος
534 2526 611 2577 μέν
641 2540 713 2566 νυν
743 2527 882 2566 ταῦτα
914 2523 1122 2580 ἔπρησσε,
1161 2521 1235 2564 τὸν
1267 2518 1396 2564 αὐτὸν
1421 2522 1468 2564 δὲ
1496 2525 1648 2564 τοῦτον

284 2593 434 2650 χρόνον
461 2590 619 2647 ἐγίνετο
647 2589 721 2633 ἐπὶ
745 2591 910 2647 Λιβύην
937 2589 1065 2642 ἄλλος
1091 2592 1293 2646 στρατιῆς
1321 2593 1455 2645 μέγας
1479 2590 1646 2641 στόλος,

289 2660 361 2705 διὰ
381 2657 606 2717 πρόφασιν
626 2656 700 2715 τὴν
715 2656 797 2714 ἐγὼ
818 2656 1097 2715 ἀπηγήσομαι
1117 2657 1519 2714 προδιηγησάμενος
1537 2656 1649 2710 πρό-

289 2746 408 2787 τερον
433 2727 550 2771 τάδε.
587 2730 672 2770 τῶν
698 2726 741 2768 ἐκ
760 2730 834 2782 τῆς
849 2724 1019 2784 ᾍργοῦς
1039 2724 1281 2782 ἐπιβατέων
1302 2725 1472 2768 παίδων
1492 2724 1649 2773 παῖδες
