1794 3282
554 257 870 292 ΗΡΟΔΟΤΟΥ
899 257 938 291 Γ.
964 255 1111 291 76-78.
1435 245 1518 285 2]1

151 326 404 384 ἐπιχειρέειν
430 335 548 370 τοῖσι
572 327 767 382 Μάγοισι
797 327 869 368 καὶ
894 324 951 382 μὴ
978 322 1358 381 ὕπερβάλλεσθαι,
1391 320 1522 378 ἤισαν

151 395 376 451 εὐξάμενοι
408 404 525 438 τοῖσι
556 399 725 446 θεοῖσι,
759 398 845 437 τῶν
871 395 973 450 περὶ
998 392 1268 450 Πρηξάσπεα
1300 389 1522 447 πρηχθέν-

149 481 234 507 των
261 463 426 514 εἰδότες
452 461 588 505 οὐδέν,
629 461 670 505 ἐν
695 478 740 504 τε
768 460 817 518 δὴ
845 465 894 518 τῇ
923 459 1012 517 ὁδῷ
1037 463 1146 517 μέσῃ
1174 462 1412 512 στείχοντες
1438 456 1524 513 ἐγί-

150 547 273 575 νοντο
311 533 383 573 καὶ
418 529 472 573 τὰ
509 532 611 586 περὶ
646 529 916 586 Πρηξάσπεα
959 528 1165 584 γεγονότα
1210 526 1522 570 ἐπυνθάνοντο.

154 598 348 642 ἐνθαῦτα
374 598 597 648 ἐκστάντες
621 601 696 653 τῆς
717 595 821 640 ὁδοῦ
843 595 1043 639 ἐδίδοσαν
1065 589 1186 646 αὖτις
1207 598 1336 651 σφίσι
1355 594 1521 649 λόγους,

155 666 197 709 οἱ
221 667 297 721 μὲν
325 664 440 722 ἀμφὶ
459 664 532 708 τὸν
549 663 715 721 Ὀτάνην
735 664 877 719 πάγχυ
899 664 1140 713 κελεύοντες
1167 660 1525 717 ὗπερβάλλεσθαι

155 734 264 790 μηδὲ
291 733 519 776 οἰδεόντων
544 737 630 775 τῶν
656 732 922 788 πρηγμάτων
948 730 1254 781 ἐπιτίθεσθαι,
1284 729 1390 772 οἶδὲ
1411 727 1527 784 ἀμφὶ

156 800 231 844 τὸν
263 808 447 856 Δαρεῖον
480 798 633 843 αὗτίκα
669 816 715 841 τε
748 799 858 841 ἰέναι
889 800 961 841 καὶ
996 798 1049 841 τὰ
1088 796 1324 853 δεδογμένα
1360 796 1526 839 ποιέειν

157 867 259 925 μηδ’
277 867 650 923 ὑπερβάλλεσθαι.
696 865 977 919 ὠθιζομένων
998 864 1036 908 δ)
1050 863 1191 908 αὐτῶν
1212 864 1348 920 ἐφάνη
1371 863 1527 919 ἰρήκων

158 935 269 979 ἑπτὰ
296 936 442 991 ζεύγεα
469 935 544 977 δύο
572 935 788 989 αἰγυπιῶν
815 933 962 988 ζεύγεα
989 933 1201 975 διώκοντα
1232 932 1302 972 καὶ
1327 930 1527 973 τίλλοντά

155 1020 200 1046 τε
226 1005 298 1045 καὶ
325 1001 619 1057 &geaco—oman
643 1001 808 1051 ἰδόντες
835 1001 881 1043 δὲ·
906 1004 1042 1042 ταῦτα
1068 999 1110 1042 οἱ
1136 997 1249 1042 ἑπτὰ
1273 998 1348 1054 τήν
1373 1014 1419 1040 τε
1439 1004 1528 1040 Δα-

155 1075 273 1128 ρείου
311 1070 472 1120 πάντες
509 1070 650 1112 αἴνεον
686 1068 869 1124 γνώμην,
908 1069 977 1110 καὶ
1012 1067 1179 1110 ἔπειτεν
1210 1064 1337 1123 ἤισαν
1369 1064 1444 1108 ἐπὶ
1473 1063 1528 1108 τὰ

153 1138 364 1194 βασιληία
393 1137 717 1193 τεθαρσηκότες
747 1145 864 1179 τοῖσι
903 1132 1057 1192 ὄρνισι.
1123 1134 1331 1178 ἐπιστᾶσι
1369 1134 1415 1175 δὲ
1453 1132 1527 1176 ἐπὶ

153 1205 231 1257 τὰς
256 1207 396 1256 πύλας
424 1204 582 1260 ἐγίνετο
611 1203 704 1247 οἷόν
723 1222 765 1247 τι
787 1208 959 1260 Δαρείῳ
986 1202 1011 1260 ἡ
1037 1203 1182 1260 γνώμη
1206 1201 1353 1259 ἔφερε·
1379 1218 1529 1244 καται-

156 1274 354 1328 δεόμενοι
378 1271 458 1329 γὰρ
487 1271 528 1314 οἱ
554 1272 742 1329 φύλακοι
774 1270 932 1327 ἄνδρας
959 1270 1059 1322 τοὶ-ς
1084 1274 1285 1326 Περσέων
1310 1270 1526 1326 πρώτους,

153 1344 226 1384 καὶ
246 1339 368 1384 οὐδὲν
386 1344 584 1384 τοιοῦτον
605 1338 928 1391 ὑποπτεύοντες
953 1339 1000 1392 ἐξ
1018 1337 1160 1382 αὗτιῦν
1188 1338 1385 1391 ἔσεσθαι,
1413 1355 1528 1394 παρ-

155 1414 274 1453 ίεσαν
317 1413 420 1465 θείῃ
465 1412 625 1465 πομπῇ
664 1411 939 1463 χρεομένους,
987 1405 1082 1450 ου’·δ)
1112 1406 1332 1462 ἐπειρώτα
1372 1403 1526 1456 οὐδεὶς.

156 1477 299 1520 ἐπείτε
333 1477 379 1519 δὲ
408 1478 480 1518 καὶ
511 1477 744 1532 παρῆλθον
776 1476 818 1527 ἐς
848 1474 924 1531 τὴν
958 1473 1107 1532 αὐλήν,
1150 1474 1376 1531 ἐνέκυρσαν
1412 1482 1530 1516 τοῖσι

153 1545 232 1596 τὰς
259 1542 458 1600 ἀγγελίας
485 1543 722 1601 ἐσφέρουσι
749 1541 1010 1596 εὐνούχοισι,
1047 1542 1092 1585 οἵ
1116 1559 1254 1599 σφεας
1282 1542 1476 1597 ἱστόρεον
1506 1539 1530 1584 ὅ

154 1631 197 1656 τι
224 1612 449 1663 ἐθέλοντες
476 1608 635 1668 ἥκοιεν·
673 1613 744 1653 καὶ
777 1608 868 1666 ἅμα
902 1611 1169 1668 ἱστορέοντες
1201 1610 1382 1661 τούτους
1413 1617 1530 1652 τοῖσι

156 1683 420 1736 πυλουροῖσι
453 1677 656 1722 ἀπείλεον
689 1676 758 1721 ὅτι
785 1682 923 1735 σφέας
955 1682 1165 1734 παρῆκαν,
1201 1675 1321 1731 ἶσχόν
1350 1694 1397 1720 τε
1426 1681 1531 1732 βου-

156 1750 362 1803 λομένους
386 1746 487 1799 τοὺς
513 1745 625 1790 ἑπτὰ
652 1746 694 1797 ἐς
720 1745 768 1790 τὸ
798 1746 953 1802 πρόσω
981 1749 1201 1803 παριέναι.
1247 1745 1289 1788 οἱ
1317 1746 1361 1787 δὲ
1389 1746 1531 1788 διακε-

157 1816 414 1870 λευσάμενοι
450 1818 521 1858 καὶ
554 1815 830 1868 σπασάμενοι
861 1812 915 1857 τὰ
947 1813 1198 1870 ἐγχειρίδια,
1237 1813 1418 1863 τούτους
1453 1813 1530 1867 μὲν

157 1884 259 1935 τοὺς
284 1884 483 1937 ἴσχοντας
510 1881 641 1925 αὐτοῦ
667 1883 801 1939 ταύτῃ
829 1886 1146 1937 συγκεντέουσι,
1183 1879 1307 1923 αι’-τοὶ
1335 1881 1381 1923 δὲ
1406 1878 1532 1936 ἤισαν

160 1952 307 2008 δρόμῳ
335 1951 377 2002 ἐς
401 1949 476 1995 τὸν
503 1949 735 2007 ἀνδρεῶνα.
787 1950 829 1992 οἱ
862 1951 908 1992 δὲ
932 1949 1078 2006 Μάγοι
1105 1949 1252 2002 ἔτυχον
1285 1947 1531 2005 ἀμφότεροι

158 2023 391 2076 τηνικαῦτα
425 2017 566 2069 ἐόντες
597 2035 642 2061 τε
675 2018 759 2061 ἔσω
792 2016 943 2060 καὶτὰ
975 2015 1065 2060 ἀπὸ
1092 2016 1382 2074 Πρηξάσπεος
1412 2017 1532 2072 γενό-

159 2104 267 2143 μενα
305 2087 346 2130 ἐν
377 2089 512 2144 βουλῇ
545 2086 722 2140 ἔχοντες.
785 2085 883 2128 ἐπεὶ
920 2079 978 2128 ὦν
1016 2082 1131 2128 εἶδον
1169 2083 1271 2136 τοὺς
1309 2082 1535 2137 εὐνούχους

159 2159 536 2211 τεθορυβημένους
566 2172 612 2198 τε
636 2156 706 2197 καὶ
731 2158 957 2210 βοεῦντας,
999 2151 1080 2196 ἆνά
1111 2169 1157 2196 τε
1184 2152 1369 2209 ἔδραμον
1400 2152 1535 2195 πάλιν

164 2221 425 2280 ἀμφότεροι,
464 2225 536 2265 καὶ
568 2220 627 2274 ὥς
658 2222 827 2277 ἔμαθον
858 2221 908 2265 τὸ
939 2222 1218 2275 ποιεύμενον,
1258 2220 1370 2276 πρὸς
1407 2218 1535 2275 ἀλκὴν

165 2289 418 2347 ἐτράποντο.
458 2289 480 2334 ὁ
507 2292 583 2345 μὲν
610 2289 660 2347 δὴ
688 2288 828 2333 αὐτῶν
850 2289 1017 2346 φθάνει
1036 2287 1091 2331 τὰ
1110 2289 1217 2341 τόξα
1237 2287 1532 2341 κατελόμενος,

166 2356 189 2401 ὃ
217 2358 263 2400 δὲ
287 2357 400 2413 πρὸς
424 2357 498 2414 τὴν
525 2357 678 2414 αἰχμὴν
705 2357 932 2414 ἐτράπετο.
984 2356 1177 2398 ἐνθαῦτα
1204 2354 1253 2411 δὴ
1283 2358 1537 2410 συνέμισγον

168 2424 407 2482 ἀλλήλοισι.
463 2430 524 2482 τῷ
556 2426 631 2479 μὲν
664 2424 713 2481 δὴ
746 2424 800 2468 τὰ
830 2425 936 2476 τόξα
963 2421 1224 2477 ἀναλαβόντι
1256 2420 1408 2474 αὖτιῦν,
1444 2421 1536 2465 ἐόν-

166 2512 252 2538 των
276 2510 322 2536 τε
349 2491 479 2549 ἀγχοῦ
506 2497 590 2535 τῶν
610 2494 830 2546 πολεμίων
850 2494 922 2534 καὶ
943 2493 1278 2546 προσκειμένων,
1308 2483 1356 2546 ἧν
1371 2481 1537 2546 χρηστὰ

170 2561 312 2605 οὐδέν·
341 2559 362 2604 ὅ
387 2559 425 2603 δ’
444 2561 587 2618 ἕτερος
606 2564 657 2617 τῇ
679 2560 809 2617 αἰχμῇ
830 2557 1026 2614 ἠμύνετο,
1054 2560 1123 2600 καὶ
1144 2562 1274 2600 τοῦτο
1293 2555 1536 2612 μὲνᾍσπα-

168 2634 296 2687 θίνην
328 2632 453 2672 παίει
485 2627 528 2679 ἐς
557 2627 631 2671 τὸν
661 2628 810 2684 μηρόν,
849 2631 978 2670 τοῦτο
1019 2627 1065 2669 δὲ
1092 2624 1360 2682 Ἰνταφέρνεα
1392 2624 1434 2677 ἐς
1464 2625 1538 2669 τὸν

171 2696 428 2756 ὀφθαλμόν·
455 2699 526 2740 καὶ
553 2696 868 2752 ἐστερήθηιμὲν
893 2699 969 2737 τοῦ
997 2692 1236 2751 ὀφθαλμοῦ
1264 2693 1308 2736 ἐκ
1332 2698 1407 2736 τοῦ
1427 2695 1539 2750 τρώ-

173 2784 310 2823 ματος
336 2764 357 2811 ὃ
380 2765 659 2823 Ἰνταφέρνης,
689 2761 737 2807 οὗ
764 2762 911 2818 μέντοι
938 2760 1138 2806 ἀπέθανέ
1161 2779 1219 2818 γε.
1276 2765 1360 2804 τῶν
1383 2761 1461 2816 μὲν
1488 2760 1538 2818 δὴ

1224 2828 1290 2863 14*

1552 1146 1585 1171 77

1557 1961 1590 1986 78
