1794 3282
511 243 825 278 HPOAOTOY
854 244 896 277 Δ.
923 244 1067 278 14—17.
1391 233 1471 275 251

106 310 393 364 ἐντεταμένως
415 309 742 367 ἀμφισβατέειν,
765 311 867 363 τοὺς
887 313 932 354 δὲ
952 313 1251 369 προσήκοντας
1264 316 1324 369 τῷ
1341 316 1474 369 νεκρῷ

107 378 183 422 ἐπὶ
206 377 255 421 τὸ
281 379 490 436 κναφήιον
516 388 721 434 παρεῖναι
748 380 920 433 ἔχοντας
939 380 994 423 τὰ
1016 381 1254 438 πρόσφορα
1274 378 1333 431 ὡς
1353 378 1476 423 ἀναι-

105 450 389 503 ρησομένους·
417 444 697 500 ἀνοιχθέντος
720 448 766 490 δὲ
787 452 865 491 τοῦ
881 448 1114 504 οἰκήματος
1135 446 1232 490 οὔτε
1252 452 1475 491 τεθνεῶτα

106 512 208 556 οὕτε
234 514 399 566 ζώοντα
424 519 669 572 φαίνεσθαι
690 513 916 572 Ἀριστέην.
977 516 1086 570 μετὰ
1113 517 1159 558 δὲ
1193 515 1365 572 ἑβδόμῳ
1393 515 1479 558 ἔτεϊ

107 585 297 639 φανέντα
329 580 458 626 αὐτὸν
490 582 533 634 ές
567 583 861 639 Προκόννησον
892 588 1079 639 ποιῆσαι
1110 582 1164 626 τὰ
1197 583 1304 626 ἔπεα
1340 587 1477 626 ταῦτα

106 648 162 692 τὰ
186 654 256 692 νῦν
281 647 353 692 ὕπ’
378 648 584 707 Ἑλλήνιον
605 648 876 707 Ἀριμάσπεα
901 653 1117 703 καλέεται,
1152 653 1398 706 ποιήσαντα
1431 651 1478 693 δὲ

108 715 414 773 ἀφανισθῆναι
444 717 493 761 τὸ
527 719 736 773 δεύτερον.
797 723 936 761 ταῦτα
967 720 1043 773 μὲν
1081 719 1126 760 αἱ
1162 719 1314 769 πόλιες
1346 712 1477 762 αὗται

108 786 300 840 λέγουσι,
339 786 443 828 τάδε
482 786 527 828 δὲ
566 783 664 828 οἶδα
695 790 1065 829 Μεταποντίνοισι
1100 795 1217 829 τοῖσι
1253 785 1295 828 ἓν
1322 783 1476 842 Ἰταλίῃ

108 853 435 908 συγκυρήσαντα
467 851 577 906 μετὰ
607 852 681 908 τὴν
708 851 916 909 ἀφάνισιν
947 852 1020 909 τὴν
1054 855 1252 909 δευτέρην
1276 851 1476 910 Ἀριστέω

109 919 225 962 ἔτεσι
250 920 566 976 τεσσεράκοντα
590 922 663 962 καὶ
715 922 992 976 διηκοσίοισι,
1029 919 1090 971 ιῧς
1117 920 1198 976 έγιὺ
1232 920 1480 974 συμβαλλό-

107 1003 234 1040 μενος
255 986 297 1029 ἓν
310 988 595 1043 Προκοννήσῳ
616 1004 663 1030 τε
682 989 754 1029 καὶ
773 993 1063 1043 Μεταποντίῳ
1088 985 1298 1044 εὕρισκον.
1336 994 1478 1030 Μετα-

109 1059 307 1097 ποντῖνοί
332 1070 444 1111 φασι
471 1052 601 1097 αὐτὸν
617 1053 830 1111 Ἀριστέην
857 1059 1046 1111 φανέντα
1072 1071 1153 1111 σφι
1179 1054 1221 1105 ἐς
1245 1053 1319 1111 τὴν
1336 1054 1479 1110 χώρην

108 1123 306 1164 κελεῦσαι
335 1121 484 1175 βωμὸν
505 1120 742 1165 Ἀπόλλωνι
775 1122 1045 1179 ἱδρύσασθαι
1077 1124 1148 1164 καὶ
1168 1120 1369 1180 Ἀριστέω
1402 1126 1479 1164 τοῦ

107 1193 425 1245 Προκοννησίου
465 1188 711 1246 ἐπωνυμίην
750 1189 899 1243 ἔχοντα
937 1187 1173 1246 ἀνδριάντα
1217 1188 1325 1247 παρ’
1349 1188 1479 1233 αὐτὸν

108 1261 284 1313 στῆσαι·
317 1258 456 1314 φάναι
479 1258 560 1313 γάρ
594 1273 675 1314 σφι
699 1256 773 1300 τὸν
794 1255 1045 1301 Ἀπόλλωνα
1066 1256 1342 1301 Ἰταλιωτέων
1372 1259 1480 1312 μού-

108 1340 222 1368 νοισι
250 1323 299 1380 δὴ
327 1323 572 1368 ἀπικέσθαι
598 1324 640 1376 ές
664 1324 739 1381 την
762 1326 916 1382 χώρην,
951 1327 1022 1368 καὶ
1055 1324 1186 1377 αὖτός
1212 1326 1254 1368 οἱ
1287 1325 1481 1369 ἕπεσθαι

111 1392 133 1435 ὃ
160 1398 229 1436 νῦν
256 1391 336 1435 ἐὼν
356 1391 590 1448 Ἀριστέης·
621 1393 722 1435 τότε
749 1393 812 1445 δέ,
849 1390 920 1435 ὅτε
946 1393 1095 1436 εἵπετο
1127 1398 1188 1449 τῷ
1222 1398 1336 1450 θεῷ,
1371 1392 1482 1437 εἶναι

110 1463 257 1518 κόραξ.
317 1462 385 1502 καὶ
411 1459 485 1502 τὸν
510 1461 586 1514 μὲν
612 1461 797 1503 εἴπαντα
821 1465 964 1503 ταῦτα
990 1460 1312 1517 ἀφανισθῆναι,
1342 1466 1481 1518 σφέας

112 1530 158 1573 6&
178 1536 498 1571 Μεταποντῖνοι
523 1527 697 1583 λέγουσι
717 1527 759 1578 ές
780 1528 980 1585 Δελφοὺς
999 1528 1261 1583 πέμψαντας
1279 1529 1354 1573 τὸν
1374 1529 1481 1573 θεὸν

112 1596 354 1651 ἐπειρωτᾶν
392 1592 416 1638 ὅ
447 1612 490 1638 τι
520 1594 570 1637 τὸ
609 1595 767 1652 φάσμα
802 1600 879 1638 τοῦ
913 1595 1156 1651 ἀνθρώπου
1190 1598 1268 1653 εἴη.
1328 1596 1403 1653 τὴν
1436 1598 1481 1640 δὲ

112 1668 286 1720 Πυθίην
312 1667 451 1720 σφέας
475 1663 659 1706 κελεύειν
692 1667 943 1707 πείθεσθαι
973 1668 1034 1720 τῷ
1067 1665 1285 1720 φάσματι,
1319 1668 1483 1708 πειθο-

112 1732 282 1787 μένοισι
315 1732 360 1774 δὲ
386 1730 560 1785 ἄμεινον
593 1735 892 1776 συνοίσεσθαι.
954 1734 1024 1775 καὶ
1056 1736 1195 1789 σφέας
1227 1732 1484 1786 δεξαμένους

112 1805 249 1844 ταῦτα
280 1804 467 1857 ποιῆσαι
499 1798 711 1843 ἐπιτελέα.
773 1802 845 1843 καὶ
876 1805 947 1843 νῦν
980 1800 1128 1856 ἕστηκε
1161 1799 1339 1857 ἀνδριὰς
1365 1799 1482 1842 ἐπω-

114 1873 263 1925 νυμίην
289 1868 394 1922 ἔχων
415 1866 614 1924 Ἀριστέω
642 1866 742 1924 παρ’
761 1867 878 1924 αὐτῷ
903 1873 964 1924 τῷ
991 1867 1207 1924 ἀγάλματι
1231 1872 1308 1911 τοῦ
1329 1866 1484 1911 Ἀπόλ-

114 1940 266 1989 λωνος,
300 1938 430 1992 πέριξ
453 1936 499 1978 6&
525 1933 653 1978 αὐτὸν
680 1937 844 1992 δάφναι
876 1936 1047 1979 ἑστᾶσι·
1083 1935 1133 1979 τὸ
1169 1936 1215 1978 δὲ
1246 1933 1418 1991 ἄγαλμα
1444 1935 1485 1978 ἓν

113 2010 164 2062 τῇ
181 2003 314 2060 ἀγορῇ
335 2005 520 2060 ἵδρυται.
551 2002 752 2061 Ἀριστέω
767 2008 845 2058 μέν
857 2022 929 2047 νυν
943 2008 1045 2061 πέρι
1064 2008 1258 2047 τοσαῦτα
1273 2003 1483 2060 εἰρήσθω.

204 2077 284 2129 Τῆς
310 2072 356 2114 δὲ
381 2076 456 2128 γῆς
480 2075 556 2127 τῆς
587 2075 690 2128 πέρι
715 2069 790 2115 ὅδε
822 2070 844 2114 ὁ
877 2072 1004 2128 λόγος
1031 2069 1229 2128 ὥρμηται
1259 2073 1480 2127 λέγεσθαι,

115 2139 259 2191 οὐδεὶς
279 2138 370 2182 οἶδε
391 2138 602 2195 ἀτρεκέως
622 2136 647 2182 ὅ
665 2157 707 2182 τι
726 2139 775 2183 τὸ
797 2140 1050 2195 κατύπερθέ
1070 2139 1181 2183 ἐστι·
1209 2137 1384 2191 οὐδενὸς
1405 2138 1486 2194 γὰρ

117 2208 167 2264 δὴ
195 2206 424 2251 αὐτόπτεω
457 2206 617 2250 εἰδέναι
642 2211 837 2264 φαμένου
872 2208 1060 2262 δύναμαι
1091 2210 1348 2250 πυθέσθαι·
1388 2204 1487 2248 οὐδὲ

117 2275 197 2331 γὰρ
225 2273 325 2318 οὐδὲ
346 2272 579 2331 Ἀριστέης,
606 2279 768 2331 τοῦπερ
796 2273 927 2331 ὀλίγῳ
955 2275 1169 2330 πρότερον
1193 2274 1358 2317 τούτων
1382 2273 1489 2329 μνή«

118 2360 201 2398 μην
239 2341 492 2398 ἐποιεύμην,
539 2340 640 2384 οὐδὲ
684 2336 808 2393 οὗτος
851 2345 1116 2399 προσωτέρω
1149 2340 1402 2397 Ἰσσηδόνων
1445 2340 1487 2383 ἕν

120 2408 295 2453 αὐτοῖσι
324 2417 441 2452 τοῖσι
473 2409 598 2452 ἔπεσι
629 2413 792 2452 ποιέων
824 2409 958 2466 ’έφησε
989 2408 1254 2460 ἀπικέσθαι,
1295 2406 1404 2450 ἀλλὰ
1433 2407 1489 2450 τὰ

120 2478 371 2532 κατύπερθε
398 2476 512 2531 ἔλεγε
538 2475 661 2533 ἀκοῇ,
696 2476 784 2533 φὰς
804 2474 1050 2532 Ἰσσηδόνας
1081 2474 1191 2519 εἶναι
1220 2474 1321 2526 τοὺς
1350 2479 1488 2518 ταῦτα

121 2546 334 2602 λέγοντας.
396 2542 484 2587 ἀλλ’
502 2541 605 2587 ὅσον
630 2545 707 2597 μὲν
732 2542 855 2600 ἡμεῖς
881 2542 1091 2601 ἀτρεκέως
1118 2543 1192 2586 ἐπὶ
1216 2544 1488 2601 μακρότατον

123 2613 214 2658 οἶοί
235 2612 269 2656 τ’
287 2612 527 2669 ἐγενόμεθα
552 2609 659 2667 ἀκοῇ
685 2611 923 2663 ἐξικέσθαι,
952 2616 1039 2654 πᾶν
1066 2611 1297 2667 εἰρήσεται.

205 2679 307 2725 Ἀπὸ
339 2685 416 2724 τοῦ
447 2683 827 2738 Βορυσθενεϊτέων
860 2679 1071 2734 ἐμπορίου
1109 2681 1255 2732 (τοῦτο
1292 2677 1373 2737 γὰρ
1404 2684 1490 2723 τῶν

124 2750 506 2807 παραθαλασσίων
536 2747 801 2803 μεσαίτατόν
833 2746 925 2790 ἐστι
956 2747 1101 2802 πάσης
1136 2750 1211 2804 τῆς
1241 2749 1488 2804 Σκυθικῆς),

1503 730 1534 756 15

1511 2083 1542 2108 16

1516 2692 1547 2717 17
