1794 3282
128 1168 177 1193 138

133 2316 181 2341 139

192 271 277 313 236
573 276 885 312 ΗΡΟΔΟΤΟΥ
913 277 953 310 Γ.
981 276 1173 311 137-139.

195 346 556 404 στρατευσόμεθα
576 346 705 388 πόλιν
713 364 726 397 ,·
751 348 846 387 τίνα
861 345 907 387 δὲ
925 348 1138 401 προτέρην
1152 343 1556 401 ἀνδραποδίζεσθαι

195 414 504 471 πειρησόμεθα
513 410 557 465 ,·”
584 416 720 454 ταῦτα
745 410 937 466 λέγοντες
961 410 1062 462 τοὺς
1080 413 1382 469 Κροτωνιήτας
1402 411 1476 456 οὐκ
1497 407 1555 457 ὦν

197 483 397 532 ἔπειθον,
443 477 531 522 ἀλλ’
561 478 856 535 ἐξαιρεθέντες
889 495 936 521 τε
972 477 1044 521 τὸν
1081 480 1338 535 Δημοκήδεα
1374 483 1446 524 καὶ
1481 479 1556 525 τὸν

194 547 351 605 γαυλὸν
375 545 450 590 τὸν
476 544 566 601 ἅμα
594 544 744 602 ἤγοντο
772 544 1106 602 ἀπαιρεθέντες,
1140 544 1377 590 ἀπέπλωον
1409 547 1556 592 ὀπίσω

197 616 239 666 ἒς
269 614 344 671 τὴν
364 613 515 670 Ἀσίην,
549 611 643 656 οὐδ’
667 613 730 656 ἔτι
761 612 965 669 ἐζήτησαν
995 612 1045 656 τὸ
1078 617 1342 670 προσωτέρω
1372 619 1448 671 τῆς
1467 614 1558 658 Ἑλ-

197 683 328 732 λάδος
361 680 620 735 ἀπικόμενοι
651 680 876 735 ἐκμαθεῖν,
917 680 1190 737 ἐστερημένοι
1225 686 1301 724 τοῦ
1334 680 1558 739 ἡγεμόνος.

197 750 375 793 τοσόνδε
399 752 549 803 μέντοι
574 748 811 791 ἐνετείλατό
845 764 927 805 σφι
952 748 1207 804 Δημοκήδης
1238 746 1557 805 ἀναγομένοισι,

198 818 378 861 κελεύων
405 816 543 859 εἰπεῖν
569 832 707 872 σφεας
732 820 903 873 Δαρείῳ
932 813 1000 858 ὅτι
1025 812 1242 872 ἅρμοσται
1265 815 1339 872 τὴν
1360 818 1560 868 Μίλωνος

198 888 420 940 θυγατέρα
452 884 706 939 Δημοκήδης
741 891 932 938 γυναῖκα.
992 887 1068 925 τοῦ
1098 882 1178 940 γὰρ
1218 882 1266 939 δὴ
1304 886 1560 927 παλαιστέω

199 954 396 1002 Μίλωνος
420 945 469 1007 ἧν
496 949 657 1005 οὕνομα
682 949 845 994 πολλὸν
864 949 986 1007 παρὰ
1005 952 1200 1005 βασιλέϊ·
1227 950 1336 994 κατὰ
1357 951 1407 1007 δὴ
1428 952 1559 995 τοῦτό

199 1036 276 1074 μοι
307 1020 445 1062 δοκέει
476 1023 667 1062 σπεῦσαι
695 1017 770 1061 τὸν
799 1018 936 1074 γάμον
965 1023 1115 1061 τοῦτον
1151 1020 1328 1070 τελέσας
1361 1020 1562 1076 χρήματα

199 1088 365 1142 μεγάλα
390 1087 663 1144 Δημοκήδης,
702 1086 773 1128 ἵνα
804 1090 917 1142 φανῇ
949 1085 1061 1141 πρὸς
1088 1090 1273 1142 Δαρείου
1308 1086 1388 1130 εἰὺν
1420 1089 1490 1129 καὶ
1517 1086 1561 1130 ἐν

201 1159 251 1211 τῇ
279 1153 440 1197 ἑωυτοῦ
469 1155 657 1208 δόκιμος.
719 1151 976 1205 ἀναχθέντες
1008 1153 1051 1195 δὲ
1086 1153 1130 1195 ἐκ
1159 1158 1235 1210 τῆς
1258 1154 1486 1210 Κρότωνος
1517 1153 1560 1197 οἱ

193 1225 366 1279 ’Πέρσαι
397 1221 659 1265 ἐκπίπτουσι
689 1225 790 1277 τῇσι
819 1222 943 1276 νηυσὶ
974 1219 1016 1271 ἐς
1043 1219 1274 1278 Ἰηπυγίην,
1313 1225 1386 1264 καί
1422 1226 1562 1278 σφέας

202 1290 483 1340 δουλεύοντας
498 1289 688 1332 ἐνθαῦτα
700 1289 853 1338 Γίλλος
868 1287 970 1343 ἀνὴρ
990 1295 1246 1344 Ταραντῖνος
1266 1288 1407 1346 φυγὰς
1428 1290 1563 1345 ῥυσά-

199 1374 327 1413 μενος
352 1356 546 1412 ἀπήγαγε
572 1354 693 1411 παρὰ
717 1357 900 1410 βασιλέα
921 1362 1117 1409 Δαρεῖον.
1157 1354 1178 1398 ὁ
1207 1357 1252 1398 δὲ
1279 1354 1371 1398 ἀντὶ
1396 1357 1563 1399 τούτων

202 1425 374 1480 ἑτοῖμος
405 1418 451 1480 ἦν
485 1423 655 1466 διδόναι
684 1427 812 1465 τοῦτο
846 1419 871 1465 ὅ
900 1440 942 1465 τι
970 1423 1172 1476 βούλοιτο
1205 1420 1348 1474 αὐτός.
1408 1426 1565 1475 Γίλλος

203 1493 248 1536 δὲ
274 1492 465 1549 αἱρέεται
489 1490 671 1533 κάτοδόν
698 1489 739 1531 οἷ
765 1488 808 1540 ἐς
836 1490 1033 1544 Τάραντα
1057 1494 1277 1546 γενέσθαι,
1304 1508 1565 1548 προαπηγη-

202 1560 385 1613 σάμενος
409 1558 483 1614 τὴν
510 1557 754 1614 συμφορήν·
782 1557 851 1600 ἵνα
873 1558 918 1599 δὲ
937 1556 994 1613 μὴ
1017 1558 1256 1614 συνταράξῃ
1277 1558 1352 1615 τὴν
1367 1557 1564 1612 Ἑλλάδα,

202 1625 250 1684 ἢν
271 1624 323 1670 δι’
342 1624 471 1669 αὗτὸν
493 1626 646 1676 στόλος
664 1628 797 1680 μέγας
817 1625 942 1681 πλώηη
961 1624 1035 1668 ἐπὶ
1054 1624 1129 1681 την
1144 1623 1335 1682 Ἰταλίην,
1362 1627 1565 1678 Κνιδίους

201 1695 386 1749 μούνους
401 1692 595 1749 ἀποχρᾶν
610 1693 651 1735 οἱ
665 1692 746 1749 ἔφη
767 1691 868 1743 τοὺς
887 1693 1149 1748 κατάγοντας
1167 1697 1381 1749 γίνεσθαι,
1407 1696 1567 1738 δοκέων

203 1761 291 1806 ἀπὸ
317 1762 481 1804 τούτων
507 1760 663 1804 ἐόντων
681 1769 796 1803 τοῖσι
820 1765 1120 1817 Ταραντίνοισι
1140 1763 1278 1818 φίλων
1296 1763 1487 1816 μάλιστα
1513 1761 1564 1820 δὴ

203 1829 275 1886 τὴν
300 1829 484 1872 κάτοδόν
511 1829 553 1872 οἱ
579 1828 776 1872 ἔσεσθαι.
838 1836 1023 1884 Δαρεῖος
1050 1829 1095 1871 δὲ
1122 1827 1443 1884 ὑποδεξάμενος
1469 1830 1567 1874 ἒπε-

202 1899 337 1940 τέλεε·
375 1901 559 1951 πέμψας
595 1895 674 1951 γὰρ
713 1893 890 1951 ἄγγελον
927 1895 970 1947 ές
1000 1897 1154 1939 Κνίδον
1190 1898 1389 1953 κατάγειν
1427 1898 1567 1955 σφέας

205 1964 365 2008 ἐκέλευε
391 1966 545 2007 Γίλλον
571 1963 613 2015 ές
642 1964 851 2020 Τάραντα.
906 1964 1170 2018 πειθόμενοι
1197 1965 1242 2007 δὲ
1267 1969 1438 2020 Δαρείῳ
1465 1970 1567 2008 Κνί-

206 2033 293 2075 διοι
322 2035 605 2086 Ταραντίνους
631 2029 706 2073 οὐκ
731 2025 789 2073 ὦν
816 2030 1010 2080 ἔπειθον,
1037 2035 1134 2086 βίην
1161 2033 1206 2074 δὲ
1233 2030 1438 2075 ἀδύνατοι
1457 2027 1566 2088 ἦσαν

205 2098 483 2155 προσφέρειν.
544 2102 679 2140 ταῦτα
715 2102 791 2151 μέν
828 2116 899 2141 νυν
937 2095 1050 2140 οἷ”τω
1090 2097 1309 2155 ἐπρήχθη·
1354 2094 1476 2142 οὗτοι
1520 2101 1567 2142 δὲ

203 2171 373 2222 πρῶτοι
405 2164 449 2208 ἐκ
479 2170 555 2222 τῆς
580 2163 719 2221 Άσίης
752 2164 795 2216 ἒς
831 2164 903 2221 τὴν
931 2163 1111 2208 Ἑλλάδα
1149 2164 1354 2209 ἀπίκοντο
1385 2170 1565 2225 Πέρσαι,

204 2236 276 2276 καὶ
302 2227 420 2276 οὗτοι
447 2232 520 2276 διὰ
543 2233 712 2275 τοιόνδε
738 2237 914 2289 πρῆγμα
939 2234 1210 2277 κατάσκοποι
1236 2233 1440 2290 ἐγένοντο.

293 2299 414 2344 Μετὰ
446 2301 651 2343 δὲταῦτα
675 2300 822 2353 Σάμον
853 2300 1056 2355 βασιλεὺς
1081 2309 1266 2357 Δαρεῖος
1298 2302 1451 2358 αἱρέει,
1483 2319 1569 2346 πο-

204 2372 307 2413 λίων
332 2372 509 2412 πασέων
534 2368 710 2423 πρωτην
730 2366 981 2424 Ἑλληνίδων
1006 2370 1077 2411 καὶ
1100 2369 1345 2426 βαρβάρων,
1380 2369 1453 2413 διὰ
1477 2387 1570 2414 τοι-

205 2439 304 2494 ήνδε
328 2436 423 2480 τινὰ
456 2435 610 2492 αἰτίην.
671 2436 915 2490 Καμβύσεω
947 2441 1024 2479 τοῦ
1049 2436 1194 2493 Κύρου
1227 2441 1567 2494 στρατευομένου

208 2504 273 2549 ἐπ)
288 2506 512 2561 Αἴγυπτον
539 2503 664 2547 ἄλλοι
693 2521 739 2546 τε
766 2506 911 2557 συχνοὶ
945 2503 987 2554 ές
1010 2502 1084 2560 τὴν
1107 2504 1332 2560 Αἴγυπτον
1358 2503 1569 2549 ἀπίκοντο

202 2572 418 2629 Ἑλλήνιον,
448 2572 489 2615 οἱ
507 2576 595 2627 μέν,
625 2570 683 2623 ὡς
705 2571 833 2623 οἰκός,
860 2569 1185 2628 κατ’ἒμπορίην,
1213 2572 1255 2614 οἱ
1276 2572 1322 2615 δὲ
1336 2574 1571 2630 στρατευό-

206 2658 345 2695 μενοι,
381 2641 422 2683 οἱ
448 2640 494 2682 δέ
518 2657 630 2690 τινες
661 2642 732 2682 καὶ
764 2637 894 2695 αὐτῆς
924 2643 999 2696 τῆς
1020 2640 1163 2696 χώρης
1190 2643 1373 2696 θηηταί·
1409 2645 1495 2683 τῶν
1521 2635 1570 2697 ἧν

206 2711 278 2751 καὶ
303 2710 506 2752 Συλοσῶν
538 2705 560 2751 ὃ
591 2707 797 2758 Αἰάκεος,
834 2707 1136 2762 Πολυκράτεός
1165 2724 1211 2749 τε
1243 2705 1324 2750 έών
1356 2705 1570 2764 ἀδελφεὸς

208 2779 278 2819 καὶ
305 2777 474 2833 φεύγων
502 2775 545 2819 ἐκ
569 2776 732 2830 Σάμου.
794 2779 945 2817 τοῦτον
975 2773 1050 2818 τὸν
1073 2777 1334 2818 Συλοσῶντα
1363 2774 1569 2829 κατέλαβε
