1794 3282
185 524 219 550 95

188 1334 221 1359 96

189 2550 220 2576 97

241 233 299 273 44
644 238 960 274 ΗΡΟΔΟΤΟΥ
989 239 1031 272 A.
1058 239 1204 273 94—97.

242 310 384 353 τοῦδε.
436 307 531 351 ἀντὶ
558 309 603 350 δὲ
627 309 783 350 Λυδιῦν
808 311 1221 363 μετουνομασθῆναι
1247 305 1405 358 αὐτοὺς
1431 306 1504 350 ἐπὶ
1529 311 1607 349 τοῦ

242 378 446 431 βασιλέος
470 379 547 417 τοῦ
574 376 746 426 παιδός,
776 373 824 425 ὅς
850 391 989 432 σφεας
1015 372 1218 431 ἀνήγαγε·
1251 374 1326 417 ἐπὶ
1350 375 1505 418 τούτου
1531 373 1608 431 τὴν

245 443 491 498 ἐπωνυμίην
515 441 802 496 ποιευμένους
827 440 1157 497 οὖνομασθῆναι
1187 443 1439 498 Τυρσηνούς.

328 510 469 553 Λυδοὶ
499 510 575 563 μὲν
608 508 658 565 δὴ
684 507 770 552 ὕπὸ
798 509 992 566 Πέρσῃσι
1018 509 1325 561 ἐδεδούλωντο,
1360 509 1607 565 ἐπιδίζηται

245 578 290 620 δὲ
317 576 366 633 δὴ
393 576 442 620 τὸ
470 576 669 619 ἐνθεῦτεν
700 574 801 632 ἡμῖν
827 575 850 620 5
877 578 1004 633 λόγος
1028 577 1102 620 τόν
1132 593 1179 619 τε
1203 581 1344 633 Κῦρον
1375 575 1496 628 ὅστις
1527 576 1609 619 ἐών

242 645 316 701 την
341 648 532 700 Κροίσου
560 642 690 700 ἀρχην
714 646 895 696 κατεῖλε,
922 661 993 686 και
1013 643 1114 694 τοὺς
1135 643 1306 700 Πέρσας
1325 640 1433 685 ὅτεω
1453 644 1607 700 τρόπω

244 711 456 769 ἡγησαντο
476 710 715 768 τῆςΑσίης.
754 709 812 763 ὥς
834 714 891 755 (ὧν
906 716 1106 769 Περσέων
1131 709 1399 765 μετεξέτεροι
1418 710 1605 766 λέγουσι,

245 797 286 822 οι
309 798 367 836 μη
393 780 653 834 βουλόμενοι
679 784 860 834 σεμνοῦν
884 779 938 822 τὰ
965 782 1067 835 περὶ
1092 783 1232 835 Κῦρον
1259 777 1368 820 ἀλλὰ
1386 777 1460 822 τὸν
1481 778 1608 821 ἐόντα

243 850 378 903 λέγειν
399 848 537 903 λόγον,
564 847 673 890 κατὰ
691 852 830 890 ταῦτα
843 848 1016 904 γράψω,
1045 846 1334 901 ἐπιστάμενος
1347 846 1606 903 περὶΚύρου

244 917 315 958 καὶ
340 920 577 972 τριφασίας
603 913 735 966 ἄλλας
760 916 897 971 λόγων
924 913 1052 966 ὁδοὺς
1078 919 1224 971 φῆναι.

326 981 556 1039 Ασσυρίων
589 980 804 1037 ἀρχόντων
843 987 918 1039 τῆς
955 980 1042 1026 ἄνω
1069 980 1210 1038 Ασίης
1245 980 1311 1025 ἐπ’
1336 998 1433 1024 ετεα
1470 998 1608 1024 εικοσι

245 1053 317 1093 καὶ
341 1051 624 1102 πεντακόσια,
657 1055 828 1107 πριῦτοι
854 1049 930 1093 ἀπ’
948 1049 1087 1093 αυτιῦν
1112 1050 1257 1105 Μῆδοι
1288 1048 1469 1105 η’ρξαντο
1502 1046 1608 1091 ἀπί-

246 1123 452 1170 στασθαι,
480 1122 553 1160 καί
577 1135 661 1168 κως
688 1119 809 1161 οὑτοι
830 1135 932 1175 περι
951 1123 1026 1174 τῆς
1046 1117 1297 1174 ἐλευθερίης
1315 1116 1609 1170 μαχεσάμενοι

244 1183 632 1242 τοῖσιΑσσυρίοισι
648 1185 838 1241 ἐγένοντο
854 1184 1004 1243 αιδρες
1025 1184 1201 1241 ἀγαθοί,
1230 1186 1300 1226 καὶ
1321 1183 1609 1238 ἀπωσάμενοι

244 1252 318 1309 τὴν
344 1253 602 1309 δουλοσύνην
630 1251 1013 1309 ἠλευθερώθησαν.
1051 1252 1160 1307 μετὰ
1187 1253 1233 1295 δὲ
1257 1252 1437 1302 τούτους
1461 1250 1609 1294 καὶτὰ

247 1318 356 1363 ἄλλα
377 1321 508 1363 ἔθνεα
528 1320 674 1363 ἐποίεε
692 1318 835 1363 τώυτὸ
858 1330 976 1364 τοῖσι
997 1322 1201 1376 Μήδοισι.
1241 1319 1397 1363 ἐόντων
1414 1320 1459 1361 δὲ
1479 1318 1610 1362 αὖτο-

244 1389 388 1442 νόμων
413 1388 587 1430 πάντων
614 1385 694 1430 ἀνὰ
718 1406 793 1444 τιν
819 1386 1010 1444 ἤπειρον,
1040 1383 1125 1431 ὦδε
1151 1382 1312 1438 αὖτις)
1295 1404 1337 1438 ες
1355 1387 1610 1443 τυραννίδας

246 1457 501 1511 περιῆλθον.
564 1454 668 1511 ἀνὴρ
707 1454 749 1497 ἐν
783 1464 902 1498 τοῖσι
940 1457 1130 1512 Μήδοισι
1167 1455 1330 1511 ἐγένετο
1370 1453 1509 1511 σοφὸς
1545 1458 1609 1496 τῶ

247 1520 408 1565 οῖ’νοιια
433 1524 481 1578 ἠν
507 1523 705 1578 Δηιόκης,
733 1532 840 1574 παῖς
866 1521 902 1565 δ
920 1525 968 1579 ἠν
998 1524 1242 1580 Φραόρτεω.
1283 1539 1409 1572 ουτος
1432 1520 1453 1564 5
1475 1521 1610 1577 Δηιό-

244 1607 318 1645 κης
355 1589 561 1646 ἐρασθεὶς
591 1591 842 1646 τυρανιίδος
884 1590 1029 1634 ἐποίεε
1065 1591 1228 1633 τοιαδε.
1291 1593 1610 1646 κατοικημένων

244 1663 328 1700 τῶν
353 1658 513 1713 Μήδων
539 1657 648 1700 κατὰ
672 1658 832 1711 κώμας,
861 1657 903 1701 ἐν
927 1663 978 1714 τῇ
1005 1658 1166 1700 ἑωυτοῦ
1193 1656 1274 1700 ἐών
1298 1659 1370 1700 καὶ
1395 1658 1609 1713 πρότερον

247 1726 424 1779 δόκιμος
442 1727 513 1767 καὶ
531 1726 695 1779 μᾶλλόν
715 1743 756 1768 τι
770 1728 839 1768 καὶ
861 1727 1196 1782 προθυμότερον
1218 1725 1490 1780 δικαιοσύνην
1511 1724 1609 1767 ἐπι-

245 1792 429 1846 θέμενος
456 1790 597 1848 ἤσκεε·
629 1795 701 1835 καὶ
726 1798 863 1835 ταῦτα
887 1797 1044 1847 μέντοι·
1061 1793 1213 1849 ἐούσης
1239 1791 1420 1849 ἀνομίης
1444 1794 1610 1848 πολλῆς

246 1858 326 1903 ἀνὰ
341 1864 486 1902 πᾶσαν
500 1860 574 1916 τὴν
589 1859 780 1916 Μηδικὴν
803 1860 959 1912 ἐποίεε,
989 1861 1275 1915 ἐπιστάμενος
1290 1858 1360 1904 ὅτι
1377 1864 1438 1916 τῷ
1454 1860 1608 1916 δικαίῳ

244 1926 294 1970 τὸ
322 1925 469 1970 ἄδικον
490 1927 699 1982 πολέμιόν
720 1927 824 1971 ἐστι.
866 1929 907 1970 οἱ
933 1926 972 1971 δ>
991 1928 1035 1971 ἐκ
1055 1933 1130 1984 τῆς
1150 1926 1281 1984 αὐτῆς
1300 1929 1445 1983 κώμης
1464 1928 1608 1983 Μῆδοι

248 1994 440 2051 ὁρέοντες
466 1994 597 2038 αὐτοῦ
623 1994 723 2046 τοὺς
747 1996 940 2052 τρόπους
967 1996 1169 2051 δικαστήν
1194 2013 1267 2048 μιν
1293 1995 1464 2038 ἑωυτῶν
1491 1995 1608 2051 αἱρέ-

246 2079 357 2106 οντο.
407 2061 429 2106 5
459 2064 504 2105 δὲ
531 2062 580 2118 δη
608 2062 680 2105 οἶα
710 2064 942 2117 μνεόμενος
974 2061 1104 2120 ἀρχὴν
1138 2063 1240 2113 ἰθύς
1265 2079 1311 2105 τε
1336 2065 1407 2105 καὶ
1440 2064 1608 2113 δίκαιος

244 2125 306 2186 ἧν.
356 2130 518 2173 ποιέων
548 2147 594 2172 τε
624 2135 760 2172 ταῦτα
792 2131 968 2173 ἔπαινον
1001 2129 1086 2184 εἶχε
1113 2128 1187 2173 οὔκ
1217 2128 1359 2186 ὀλίγον
1385 2130 1497 2186 πρὸς
1521 2135 1607 2173 τῶν

245 2198 500 2254 πολιητέων,
535 2196 646 2240 οὕτω
680 2196 792 2241 ὥστε
824 2199 1149 2252 πυνθανόμενοι
1181 2198 1223 2240 οἱ
1255 2197 1297 2240 ἐν
1327 2202 1425 2254 τῇσι
1451 2196 1606 2255 ἄλλῃσι

244 2266 414 2323 κώμῃσι
440 2264 499 2316 ὥς
519 2266 704 2322 Δηιόκης
730 2266 793 2322 εἰἠ
821 2264 924 2322 ἀνὴρ
950 2271 1107 2320 μοῦνος
1126 2265 1235 2308 κατὰ
1254 2265 1302 2309 τὸ
1326 2264 1463 2320 όρθὸν
1485 2263 1607 2308 δικά-

246 2335 344 2386 ζων,
389 2334 602 2389 πρότερον
639 2337 979 2389 περιπίπτοντες
1017 2333 1208 2376 ἀδίκοισι
1249 2334 1462 2390 γνώμῃσι,
1506 2334 1607 2376 τότε

246 2401 390 2444 ἐπείτε
415 2399 601 2457 ἤκουσαν
627 2399 807 2455 ἅσμενοι
841 2401 1038 2458 ἐφοίτεον
1071 2400 1193 2457 παρὰ
1223 2400 1298 2444 τὸν
1324 2401 1510 2457 Δηιόκην
1535 2403 1608 2443 καὶ

247 2467 370 2512 αὐτοὶ
403 2470 698 2523 δικασόμενοι,
736 2471 858 2519 τέλος
890 2470 935 2511 δὲ
967 2467 1109 2512 οὐδενὶ
1142 2466 1257 2525 ἄλλῳ
1292 2468 1606 2525 ἐπετράποντο.

246 2538 428 2587 πλεῦνος
454 2538 500 2579 δὲ
526 2537 612 2579 αἰεὶ
635 2540 857 2592 γινομένου
883 2541 959 2579 τοῦ
987 2536 1316 2593 ἐπιφοιτέοντος
1342 2535 1415 2579 οἷα
1434 2540 1609 2579 πυνθα-

245 2604 431 2659 νομένων
456 2603 532 2655 τὰς
559 2605 680 2655 δίκας
701 2602 955 2659 ἀποβαίνειν
975 2603 1084 2647 κατὰ
1104 2604 1153 2648 τὸ
1177 2604 1258 2656 ἐόν,
1285 2603 1410 2660 γνοὺς
1431 2602 1452 2646 5
1475 2604 1609 2659 Δηιό-

246 2689 319 2728 κης
351 2671 393 2723 ἐς
419 2671 577 2716 ἑωυτὸν
608 2677 696 2715 πᾶν
729 2670 1003 2726 ἀνακείμενον
1036 2670 1135 2715 οὕτε
1164 2672 1348 2723 κατίζειν
1380 2671 1443 2714 ἔτι
1473 2669 1608 2726 ἤθελε

247 2738 440 2796 ἔνθαπερ
478 2740 689 2797 πρότερον
726 2740 995 2797 προκατίζων
1033 2738 1215 2792 ἐδίκαζε,
1257 2737 1343 2781 οὔτ’
1367 2738 1448 2795 ’ἐφη
1488 2739 1608 2780 δικᾶν
