1794 3282
246 450 294 474 173

246 990 295 1015 174

246 1193 296 1218 175

250 1871 298 1896 176

316 225 400 266 308
700 230 1013 265 ΗΡΟΔΟΤΟΥ
1043 231 1084 264 Δ.
1111 230 1301 265 172-178.

321 303 465 359 ἑτέρου
503 305 632 343 πίνει.
694 297 743 354 ἢν
775 299 821 341 δὲ
856 298 913 355 μὴ
953 298 1082 352 ἔχωσι
1112 297 1240 354 ὑγρὸν
1270 300 1418 356 μηδέν,
1459 300 1501 343 οἱ
1533 301 1577 343 δὲ
1608 304 1684 357 τῆς

316 372 518 422 χαμᾶθεν
545 367 712 410 σποδοῦ
738 366 942 420 λαβόντες
966 367 1171 420 λείχουσι.

403 438 651 488 Νασαμῶσι
679 435 723 477 δὲ
750 435 1053 492 προσόμουροί
1073 434 1159 477 εἰσι
1184 435 1355 477 Ψύλλοι·
1384 429 1504 478 οὗτοι
1523 434 1683 488 ἐξαπο-

319 500 486 545 λώλασι
515 502 667 558 τρόπῳ
700 503 869 558 τοιῷδε.
931 500 954 545 5
987 504 1111 553 νότος
1149 518 1230 559 σφι
1267 505 1406 545 πνέων
1444 501 1599 556 ἄνεμος
1628 502 1683 545 τὰ

318 570 472 626 ἔλυτρα
496 574 581 612 τῶν
607 568 777 613 ὑδάτων
804 569 997 626 έξαύηνε,
1031 567 1054 626 ἡ
1084 570 1129 612 δὲ
1159 570 1275 626 χώρη
1304 586 1384 626 σφι
1415 574 1540 613 πᾶσα
1567 569 1683 620 ἐντὸς

319 638 452 681 ἐοῦσα
471 642 547 693 τῆς
565 638 748 694 Σύρτιος
769 631 817 694 ἦν
838 635 1040 695 ἄνυδρος·
1069 637 1110 680 οἱ
1130 638 1176 680 δὲ
1193 637 1533 692 βουλευσάμενοι
1552 641 1682 693 κοινῷ

317 706 431 762 λόγῳ
471 704 775 760 ἐστρατεύοντο
815 705 888 749 ἐπὶ
923 705 998 749 τὸν
1039 705 1162 748 νότον
1206 704 1338 761 (λέγω
1378 706 1422 748 δὲ
1458 709 1594 748 ταῦτα
1630 704 1684 747 τὰ

318 775 491 829 λέγουσι
509 776 699 828 Λίβυες),
727 775 799 816 καὶ
825 773 968 816 ἐπείτε
995 772 1182 829 ἐγίνοντο
1210 772 1251 815 ἓν
1271 777 1322 830 τῇ
1342 774 1525 829 ψάλιιιιιῳ,
1554 773 1685 815 πνεύ-

319 858 399 893 σας
425 839 446 884 5
474 841 598 892 νότος
621 841 839 895 κατέχωσέ
870 858 1019 898 σφεας.
1082 839 1410 895 ἐξαπολομένων
1443 841 1488 884 δὲ
1519 840 1684 883 τούτων

320 909 466 963 ἔχουσι
490 908 564 965 τὴν
586 909 728 966 χώρην
756 909 798 952 οἱ
823 912 1104 963 Νασαμῶνες.

410 977 578 1020 Τούτων
612 978 658 1020 δὲ
688 977 940 1034 κατύπερθε
971 975 1083 1034 πρὸς
1113 976 1236 1019 νότον
1264 973 1418 1031 ἔὶνεμον
1451 975 1492 1020 ἐν
1523 980 1574 1034 τῇ
1601 979 1686 1032 θη-

320 1045 472 1102 ριώδεϊ
502 1044 693 1088 οἰκέουσι
722 1044 1019 1101 Γαράμαντες,
1060 1046 1104 1086 οἳ
1134 1044 1278 1087 πάντα
1310 1043 1547 1101 ἄνθρωπον
1580 1045 1687 1102 φεύ-

319 1128 445 1167 γουσι
480 1114 553 1154 καὶ
588 1111 752 1163 παντὸς
795 1109 985 1167 ὁμιλίην,
1035 1113 1106 1154 καὶ
1145 1109 1243 1154 οἷ”τε
1287 1109 1422 1154 ὅπλον
1464 1116 1687 1154 κεκτέαται

323 1177 472 1237 ἀρηίον
500 1177 622 1223 οῦδὲν
648 1177 746 1222 οὔτε
773 1177 1021 1233 ἀμύνεσθαι
1047 1178 1316 1222 ἐπιστέαται.
1380 1173 1502 1222 οὗτοι
1531 1180 1607 1233 μὲν
1634 1178 1684 1235 δὴ

320 1247 570 1303 κατύπερθε
608 1246 797 1289 οἰκέουσι
827 1246 1132 1300 Νασαμώνων·
1168 1245 1217 1290 τὸ
1252 1247 1298 1289 δὲ
1335 1245 1456 1302 παρὰ
1493 1245 1566 1302 τὴν
1598 1247 1687 1289 θά-

320 1317 485 1359 λασσαν
512 1314 679 1368 ἔχονται
704 1313 753 1356 τὸ
779 1312 891 1370 πρὸς
923 1313 1108 1370 ἑσπέρης
1132 1314 1299 1365 Μάκαι,
1334 1316 1377 1356 οἳ
1406 1313 1571 1370 λόφους
1601 1318 1688 1356 κεί-

321 1399 487 1437 ρονται,
520 1381 568 1425 τὸ
594 1382 670 1435 μὲν
695 1385 826 1434 μέσον
851 1385 935 1423 τῶν
960 1385 1116 1437 τριχῶν
1149 1379 1333 1431 ἀνιέντες
1366 1378 1600 1432 αὔξεσθαι,
1633 1380 1688 1424 τὰ

322 1451 368 1493 δὲ
395 1450 519 1493 ἔνθεν
544 1451 614 1492 καὶ
641 1448 764 1491 ἔνθεν
789 1452 1000 1504 κείροντες
1027 1447 1067 1490 έν
1089 1450 1205 1505 χροΐ,
1241 1447 1283 1499 ἐς
1315 1448 1360 1490 δὲ
1390 1447 1464 1490 τὸν
1496 1448 1688 1502 πόλεμον

321 1521 552 1575 στρουθῶν
577 1520 820 1572 καταγαίων
848 1515 980 1572 δορὰς
1006 1520 1217 1573 φορέουσι
1248 1515 1548 1573 προβλήματα.
1614 1516 1687 1560 διὰ

323 1587 368 1628 δὲ
406 1584 547 1628 αὐτῶν
584 1591 730 1640 Κῖνυψ
773 1582 972 1638 ποταμὸς
1016 1585 1122 1640 ῥέων
1167 1583 1210 1626 ἐκ
1246 1583 1386 1640 λόφου
1429 1585 1686 1638 καλεομένου

321 1657 522 1710 Χαρίτων
549 1651 591 1703 ἐς
616 1651 850 1694 θάλασσαν
883 1650 1058 1694 ἐκδιδοῖ.
1099 1649 1120 1694 5
1143 1652 1188 1694 δὲ
1207 1651 1344 1708 λόφος
1365 1644 1489 1702 οὗτος
1511 1649 1531 1694 5
1552 1656 1689 1707 Χαρί-

321 1738 405 1764 των
437 1719 572 1771 δασὺς
602 1720 722 1776 ἴδῃσί
754 1718 863 1771 ἐστι,
904 1718 1058 1775 ἐούσης
1088 1723 1163 1775 τῆς
1195 1718 1325 1775 ἄλλης
1355 1723 1430 1776 τῆς
1467 1736 1688 1776 προκατα-

321 1791 552 1844 λεχθείσης
588 1788 755 1844 Λιβύης
792 1788 944 1843 ψιλῆς·
995 1785 1084 1829 ἀπὸ
1122 1787 1353 1843 θαλάσσης
1391 1787 1436 1829 δὲ
1479 1786 1521 1838 ἒς
1559 1785 1687 1830 αὐτὸν

325 1857 498 1901 στάδιοι
524 1855 740 1912 διηκόσιοί
765 1854 863 1898 εἰσι.
902 1857 1082 1897 Μακέων
1111 1855 1155 1896 δὲ
1182 1855 1345 1897 τούτων
1372 1853 1566 1909 ἐχόμενοι
1590 1864 1688 1898 Γιν-

325 1926 447 1975 δᾶνές
473 1924 570 1975 εἰσι,
598 1927 682 1966 τῶν
710 1922 755 1964 αἱ
780 1931 973 1978 γυναῖκες
998 1922 1270 1979 περισφύρια
1296 1922 1518 1978 δερμάτων
1544 1921 1686 1965 πολλὰ

324 1992 479 2046 ἑκάστη
513 1994 664 2047 φορέει
694 1987 803 2032 κατά
833 1990 1001 2032 τοιόνδε
1032 2007 1092 2040 τι,
1133 1987 1191 2039 (ὃς
1222 1991 1408 2043 λέγεται·
1447 1987 1535 2031 κατ’
1552 1987 1687 2044 ἄνδρα

325 2059 501 2101 ἕκαστον
514 2060 728 2111 μιχθέντα
748 2056 1036 2112 περισφύριον
1051 2056 1317 2111 περιδέεται·
1344 2055 1367 2110 ἢ
1386 2053 1424 2097 δ’
1438 2054 1488 2098 ἂν
1502 2058 1686 2098 πλεῖστα

325 2125 407 2182 ἔχῃ,
437 2122 542 2180 αὕτη
571 2122 722 2181 ἀρίστη
751 2123 951 2166 δέδοκται
970 2120 1079 2165 εἶναι
1100 2121 1158 2173 ὥς
1177 2120 1264 2165 ὑπὸ
1286 2124 1501 2166 πλείστων
1521 2120 1685 2178 ἀνδρῶν

269 2207 298 2231 ῖ·
326 2195 582 2249 φιληθεῖσα.
644 2189 772 2247 ἀκτὴν
799 2191 845 2233 δὲ
870 2194 1140 2245 προέχουσαν
1167 2188 1210 2240 ἒς
1234 2189 1307 2232 τὸν
1333 2190 1492 2233 πόντον
1523 2191 1685 2233 τούτων

323 2265 408 2303 τῶν
424 2259 640 2302 Γινδάνων
660 2262 860 2313 νέμονται
878 2257 1158 2314 Λωτοφάγοι,
1188 2260 1231 2300 οἳ
1249 2257 1322 2301 τόν
1341 2256 1506 2313 καρπὸν
1525 2263 1685 2312 μοῦνον

324 2332 400 2371 τοῦ
432 2328 570 2370 λωτοῦ
602 2326 837 2382 τρώγοντες
869 2325 1043 2377 ζώουσι.
1107 2322 1128 2367 5
1164 2326 1209 2368 δὲ
1239 2330 1315 2368 τοῦ
1348 2328 1488 2369 λωτοῦ
1519 2327 1687 2384 καρπός

326 2395 418 2438 ἐστι
442 2398 638 2450 μέγαθος
664 2391 766 2437 ὅσον
790 2409 837 2437 τε
862 2397 937 2449 τῆς
963 2396 1126 2446 σχίνου,
1154 2394 1390 2450 γλυκύτητα
1417 2394 1462 2436 δὲ
1486 2399 1562 2437 τοῦ
1588 2399 1689 2452 φοί-

325 2479 438 2513 νικος
468 2466 529 2518 τῷ
561 2465 714 2519 καρπῷ
747 2462 1017 2519 προσίκελος.
1079 2464 1306 2504 ποιεῦνται
1339 2462 1385 2504 δὲ
1417 2461 1461 2504 ἐκ
1485 2466 1561 2505 τοῦ
1587 2480 1690 2520 καρ-

255 2545 303 2570 us
329 2535 414 2574 ποῦ
439 2530 593 2573 τούτου
622 2529 663 2572 οἱ
688 2528 959 2586 Λωτοφάγοι
983 2530 1055 2571 καὶ
1082 2525 1208 2572 οἶνον.
1258 2528 1543 2587 Λωτοφάγων
1570 2530 1615 2573 δὲ
1639 2530 1688 2576 τὸ

329 2596 450 2653 παρὰ
474 2598 706 2641 θάλασσαν
726 2597 895 2650 ἔχονται
913 2596 1122 2650 Μάχλυες,
1152 2601 1214 2653 τῷ
1240 2599 1363 2653 λωτῷ
1382 2598 1458 2651 μὲν
1478 2599 1548 2640 καὶ
1569 2599 1691 2640 οὑτοι

326 2666 561 2720 χρεόμενοι,
591 2663 698 2720 ἀτὰρ
726 2664 851 2708 ἕσσον
870 2681 916 2720 γε
935 2668 1020 2708 τιῦν
1041 2665 1253 2722 πρότερον
1273 2667 1524 2718 λεχθέντων.
1562 2666 1690 2722 κατή-

329 2749 451 2776 κουσι
489 2733 534 2776 δὲ
571 2733 645 2777 ἐπὶ
681 2730 879 2787 ποταμὸν
915 2735 1047 2788 μέγαν
1084 2737 1144 2789 τῷ
1178 2731 1341 2787 οὕνομα
1377 2737 1536 2788 Τρίτων
1575 2732 1689 2776 ἔστί·
