1794 3282
241 802 289 827 192

245 2070 294 2110 1'93

244 2154 293 2179 194

245 2491 293 2516 195

314 240 399 281 314
694 242 1007 277 ΗΡΟΔΟΤΟΥ
1038 243 1078 276 Δ.
1104 242 1293 278 191-195.

313 317 363 360 τὸ
389 314 501 371 πρὸς
527 312 728 368 ἑσπέρης,
762 309 786 367 ἡ
814 315 898 354 τῶν
925 309 1164 367 ἀροτήρων,
1201 308 1340 367 ὀρεινή
1373 327 1418 354 τε
1443 310 1580 368 κάρτα
1605 311 1676 354 καὶ

315 385 450 426 δασέα
475 382 546 422 καὶ
571 379 814 436 θηριώδης·
852 380 923 421 καὶ
947 377 1027 434 γὰρ
1056 378 1097 420 οἱ
1123 376 1248 435 ὄφιες
1275 378 1316 421 οἱ
1348 376 1673 436 ὑπερμεγάθεες

313 452 385 492 καὶ
411 448 453 491 οἱ
477 450 643 498 λέοντες
667 445 776 490 κατὰ
800 446 980 497 τούτους
1007 446 1092 489 εἰσὶ
1117 447 1189 488 καὶ
1215 445 1257 488 οἳ
1283 444 1510 502 ἐλέφαντές
1534 462 1579 489 τε
1603 448 1675 489 καὶ

314 515 466 572 ἄρκτοι
494 518 566 558 καὶ
593 513 777 566 ἀσπίδες
806 531 852 557 τε
882 515 954 556 καὶ
980 511 1073 557 ὄνοι
1106 513 1148 557 οἱ
1177 512 1231 555 τὰ
1261 516 1385 570 κέρεα
1417 512 1580 567 ἔχοντες
1604 515 1677 556 καὶ

313 584 356 627 οἱ
379 584 663 640 κυνοκέφαλοι
687 583 759 626 καὶ
785 581 827 625 οἵ
853 580 1065 638 ἀκέφαλοι
1091 581 1133 624 οἱ
1159 580 1200 624 ἐν
1225 589 1342 624 τοῖσι
1368 581 1554 637 στήθεσι
1578 579 1676 632 τοὺς

314 650 577 709 ὀφθαλμοὺς
604 650 784 704 ἔχοντες,
820 647 879 701 ὥς
905 648 955 706 δὴ
980 648 1176 705 λέγονταί
1198 665 1244 705 γε
1270 646 1358 692 ὗπὸ
1384 648 1571 704 Λιβύων,
1606 650 1678 691 καὶ

314 720 356 762 οἳ
392 717 535 776 ε’ἱγριοι
568 717 717 775 ἄνδρες
748 719 819 761 καὶ
849 726 1043 774 γυναῖκες
1074 714 1221 773 ἄγριαι
1256 718 1328 759 καὶ
1367 714 1475 759 ἄλλα
1511 716 1679 773 πλήθεϊ

315 786 458 830 πολλὰ
482 791 620 842 θηρία
647 784 973 841 ἀκατάψευστα.
1035 784 1145 828 κατὰ
1169 783 1270 836 τοὺς
1294 785 1487 839 νομάδας
1513 783 1561 827 δέ
1586 783 1678 827 ἔστι

313 855 476 898 τούτων
509 853 644 906 οῦδέν,
679 851 767 897 ἀλλ’
787 852 896 896 ἄλλα
926 853 1092 904 τοιάδε,
1126 853 1343 909 πύγαργοι
1372 854 1445 895 καὶ
1477 852 1678 909 ζορκάδες

315 925 385 966 καὶ
420 923 651 977 βουβάλιες
688 924 760 964 καὶ
797 919 908 973 ὄνοι,
950 919 1024 964 οὐκ
1056 920 1098 964 οἱ
1133 919 1187 964 τὰ
1224 924 1349 978 κέρεα
1385 919 1550 973 ἔχοντες
1587 917 1675 962 ἀλλ’

315 990 440 1033 ἄλλοι
476 988 636 1033 ἄποτοι
674 988 739 1044 (οὗ
771 988 851 1047 γὰρ
885 988 934 1046 δὴ
968 990 1179 1042 πίνουσι),
1218 989 1290 1031 καὶ
1323 985 1463 1045 ὄρυες,
1503 990 1588 1030 τιῦν
1625 985 1680 1029 τὰ

315 1058 439 1115 κέρεα
463 1067 580 1101 τοῖσι
606 1059 770 1115 φοίνιξι
803 1057 844 1100 οἱ
875 1058 1031 1113 πήχεες
1062 1060 1289 1100 ποιεῦνται
1319 1057 1531 1111 (μέγαθος
1559 1055 1605 1097 δὲ
1628 1053 1678 1097 τὸ

313 1130 472 1183 θηρίον
503 1130 632 1169 τοῦτο
663 1123 771 1169 κατὰ
795 1128 899 1180 βοῦν
926 1124 1052 1178 ἐστι),
1086 1125 1157 1166 καὶ
1181 1124 1404 1179 βασσάρια
1429 1125 1502 1165 καὶ
1532 1119 1680 1165 ὕαιναι

314 1196 386 1237 καὶ
417 1191 613 1251 ὕστριχες
644 1195 715 1235 καὶ
746 1194 859 1249 κριοὶ
891 1190 1035 1248 ἄγριοι
1065 1193 1137 1234 καὶ
1170 1192 1335 1242 δίκτυες
1366 1192 1438 1233 καὶ
1464 1194 1583 1241 θῶες
1607 1191 1679 1233 καὶ

314 1262 541 1318 πάνθηρες
566 1263 637 1303 καὶ
661 1258 832 1315 βόρυες,
865 1262 937 1302 καὶ
961 1259 1228 1315 κροκόδειλοι
1254 1256 1356 1302 ὅσον
1380 1274 1427 1300 τε
1452 1258 1680 1314 τριπήχεες

313 1338 522 1385 χερσαῖοι,
550 1333 649 1385 τῇσι
670 1329 854 1384 σαύρῃσι
876 1326 1201 1383 ἐμφερέστατοι,
1223 1327 1293 1367 καὶ
1315 1326 1529 1381 στρουθοὶ
1548 1326 1680 1367 κατά-

314 1413 445 1453 γαιοι,
473 1398 543 1438 καὶ
563 1394 689 1452 ὄφιες
709 1399 893 1450 σμικροί,
921 1399 1046 1450 κέρας
1066 1395 1108 1436 ἓν
1130 1393 1307 1443 ἕκαστος
1328 1392 1504 1446 ἔχοντες.
1541 1391 1679 1435 ταῦτά

314 1481 360 1506 τε
387 1463 436 1519 δή
459 1461 623 1506 αὐτόθι
643 1462 734 1506 ἐστὶ
754 1466 892 1519 θηρία
914 1464 985 1504 καὶ
1003 1462 1143 1517 τάπερ
1163 1465 1213 1518 τῇ
1235 1458 1353 1517 ἄλλῃ,
1382 1459 1493 1517 πλὴν
1514 1459 1678 1517 ἐλάφου

314 1548 360 1575 τε
396 1532 467 1573 καὶ
497 1528 573 1581 ὑὸς
606 1527 775 1585 ἀγρίου·
815 1530 975 1587 ἔλαφος
1014 1529 1060 1571 δὲ
1096 1531 1167 1572 καὶ
1201 1523 1247 1580 ῦς
1279 1527 1427 1585 ἄγριος
1465 1527 1506 1571 ἐν
1536 1527 1679 1584 Λιβύῃ

316 1599 502 1653 πάμπαν
529 1596 604 1641 οὐκ
632 1598 736 1641 ἔστι.
797 1601 916 1652 μυῶν
944 1598 988 1640 δὲ
1013 1600 1134 1653 γένεα
1159 1595 1284 1654 τριξὰ
1311 1594 1474 1639 αὐτόθι
1500 1595 1611 1639 ἐστί·
1639 1594 1681 1638 οἱ

314 1668 390 1721 μὲν
418 1667 596 1717 δίποδες
621 1668 857 1717 καλέονται,
887 1665 929 1708 οἱ
950 1665 994 1708 δὲ
1015 1665 1195 1722 ζεγέριες
1215 1664 1280 1719 (τὸ
1304 1665 1349 1708 δὲ
1371 1661 1534 1719 οὕνομα
1553 1667 1680 1706 τοῦτο
1708 1673 1715 1679 ·

317 1734 408 1778 ἔστι
421 1736 496 1789 μὲν
510 1734 711 1788 Λιβυκόν,
741 1734 920 1777 δύναται
936 1734 981 1776 δὲ
994 1730 1081 1775 κατ’
1095 1731 1275 1776 Ἑλλάδα
1289 1734 1487 1788 γλιῦσσαν
1499 1733 1679 1787 βουνοί),

318 1803 359 1845 οἳ
386 1803 431 1845 δὲ
457 1802 624 1855 ἐχινέες.
665 1801 749 1845 εἶσὶ
776 1802 821 1844 δὲ
847 1803 915 1844 καὶ
941 1803 1093 1857 γαλέαι
1120 1800 1161 1843 έν
1180 1805 1241 1857 τῴ
1263 1802 1425 1858 σιλφίῳ
1446 1800 1679 1856 γινόμεναι,

316 1874 417 1927 τῇσι
440 1874 731 1926 Ταρτησσίῃσι
757 1867 1028 1923 ὁμοιόταται.
1079 1872 1271 1912 τοσαῦτα
1295 1868 1371 1923 μέν
1395 1885 1467 1911 νυν
1492 1871 1631 1924 θηρία
1655 1864 1679 1922 ἦ

317 1942 402 1980 τιῦν
427 1938 626 1991 νομάδων
646 1938 823 1992 Λιβύων
848 1941 898 1993 γῆ
926 1937 1021 1990 ἔχει,
1052 1933 1153 1980 ὅσον
1178 1934 1302 1993 ἡμεῖς
1322 1935 1587 1991 ἱστορέοντες
1608 1934 1682 1978 ἐπὶ

317 2005 586 2059 μακρότατον
613 2003 701 2047 οἷοί
724 2021 771 2046 τε
796 2003 1036 2059 ἐγενόμεθα
1062 2003 1298 2055 ἐξικέσθαι.

404 2072 588 2123 Μαξύων
610 2072 655 2114 δὲ
673 2071 850 2125 Λιβύων
870 2071 1059 2126 Ζαύηκες
1081 2070 1259 2123 ἔχονται,
1287 2078 1403 2113 τοῖσι
1425 2070 1470 2112 αἱ
1488 2077 1680 2125 γυναῖκες

320 2139 560 2196 ἧνιοχέουσι
584 2137 638 2181 τὰ
664 2136 837 2194 ἅρματα
864 2137 905 2189 ἒς
929 2137 1002 2181 τὸν
1028 2138 1232 2191 πόλεμον.
1271 2138 1434 2180 τούτων
1455 2138 1501 2180 δὲ
1520 2137 1682 2190 Γύζαν-

317 2223 386 2257 τες
413 2207 596 2260 ῖέχονται,
632 2206 673 2249 έν
698 2215 813 2249 τοῖσι
839 2205 937 2260 μέλι
962 2203 1123 2249 πολλὸν
1148 2206 1223 2259 μὲν
1247 2206 1451 2258 μέλισσαι
1476 2204 1681 2261 κατεργά-

319 2277 480 2327 ζονται,
514 2275 663 2330 πολλῷ
691 2272 731 2316 δ’
751 2274 813 2317 ἔτι
845 2275 975 2317 πλέον
1008 2275 1177 2328 λέγεται
1210 2271 1492 2329 δημιοεργοὺς
1525 2271 1682 2330 ἄνδρας

318 2342 495 2386 ποιέειν.
555 2343 809 2395 μιλτοῦνται
835 2339 875 2384 δ’
894 2335 951 2384 ὦν
978 2341 1137 2391 πάντες
1171 2334 1293 2384 οῦτοι
1318 2343 1390 2383 καὶ
1420 2345 1681 2398 πιθηκοφα-

317 2414 483 2466 γέουσι·
511 2409 553 2452 οἱ
579 2408 625 2452 δέ
651 2426 730 2466 σφι
758 2407 955 2466 ἄφθονοι
982 2405 1080 2451 ὅσοι
1106 2407 1148 2451 ἒν
1173 2417 1290 2453 τοῖσι
1311 2406 1458 2466 οόρεσι
1476 2412 1679 2465 γίνονται.

318 2476 426 2521 κατὰ
455 2477 637 2528 τούτους
669 2478 714 2520 δὲ
745 2476 917 2533 λέγουσι
943 2476 1232 2532 Καρχηδόνιοι
1262 2481 1441 2520 κεῖσθαι
1471 2481 1597 2533 νῆσον
1628 2479 1680 2533 τῇ

320 2543 483 2600 οὕνομα
519 2542 629 2588 εἶναι
660 2544 881 2601 Κυραύην,
929 2548 1062 2599 μῆκος
1097 2544 1173 2597 μὲν
1211 2545 1440 2601 διηκοσίων
1477 2545 1677 2597 σταδίων,

319 2613 485 2664 πλάτος
511 2612 557 2655 δὲ
584 2612 761 2669 στεινήν,
797 2610 1003 2666 διαβατὸν
1030 2611 1073 2653 ἐκ
1098 2615 1172 2667 τῆς
1196 2609 1397 2669 ἠπείρου,
1433 2611 1608 2655 ἐλαιέων
1633 2629 1679 2656 τε

318 2679 475 2737 μεστὴν
500 2682 571 2722 καὶ
598 2678 815 2733 ἀμπέλων.
870 2681 1017 2735 λίμνην
1044 2679 1090 2721 δὲ
1115 2678 1157 2721 ἐν
1183 2677 1290 2736 αὐτῇ
1317 2677 1437 2731 εἶναι,
1467 2679 1511 2722 ἐκ
1535 2683 1608 2736 τῆς
1634 2678 1681 2722 αἱ

320 2751 540 2802 παρθένοι
564 2751 649 2792 τῶν
677 2747 919 2805 ἐπιχωρίων
945 2755 1147 2804 πτεροῖσι
1174 2745 1363 2804 ὀρνίθιον
1395 2746 1679 2802 κεχριμένοισι
