1794 3282
509 260 819 296 ΗΡΟΔΟΤΟΥ
847 261 886 295 Γ.
913 261 1101 296 130—134.
1398 253 1481 295 233

141 326 250 370 ου’τω
279 327 328 383 δή
358 345 401 370 τι
434 327 612 382 δαψιλέϊ
643 329 778 385 δωρεῇ
811 326 869 379 ὠς
899 328 998 380 τοὺς
1030 327 1184 372 ἀποπί
1177 346 1360 381 ῐτοντας
1390 328 1480 374 ἀπὸ

138 399 222 437 τιῦν
253 395 442 450 φιαλέων
473 399 683 451 στατῆρας
715 395 923 449 ἑπόμενος
955 393 977 438 5
1010 395 1190 452 οἰκέτης,
1228 401 1288 452 τῷ
1321 393 1482 450 ου’νοιια

138 454 186 517 ἧν
220 465 399 513 Σκίτων,
440 459 656 517 ἀνελέγετο
692 466 764 504 καί
799 462 841 504 οἱ
872 479 1014 518 χρηιια
1049 463 1210 505 πολλόν
1245 480 1287 506 τι
1321 466 1481 520 χρυσοῦ

140 527 386 583 συνελέχθη.

218 593 254 637 ‘0
287 595 332 636 δὲ
362 596 613 651 Δημοκήδης
645 589 770 645 οὗτος
802 589 885 637 ὦδε
917 594 960 637 §z
991 595 1215 652 Κρότωνος
1247 596 1480 652 ἀπιγμένος

138 662 403 717 Πολυκράτεϊ
427 660 627 717 ὡμίλησε.
678 663 811 715 πατρὶ
838 666 1049 714 συνείχετο
1077 662 1117 704 ἐν
1137 663 1328 719 Κρότωνι
1353 661 1480 719 ὀργὴν

135 729 332 783 χαλεπῷ·
368 733 518 770 τοῦτον
550 728 690 771 ἐπείτε
728 726 803 770 οὐκ
835 727 1010 771 ἐδύνατο
1047 729 1209 785 φέρειν,
1249 728 1480 773 ἀπολιπὼν

141 795 278 847 οἴχετο
311 794 352 845 ές
381 795 571 850 Αἴγιναν.
630 794 844 845 καταστὰς
881 795 926 837 δὲ
962 795 1004 846 ές
1038 796 1191 851 ταύτην
1226 801 1287 852 τῴ
1317 797 1477 852 πρώτῳ

140 861 226 903 ἔτεϊ
248 859 535 916 ὑπερεβάλετο
560 860 661 911 τοὺς
686 860 838 911 ἄλλους
865 861 1053 918 ἰητρούς,
1088 860 1268 918 ἀσκευής
1291 879 1372 918 περ
1400 862 1479 905 ἐών

139 929 209 970 καὶ
235 927 337 980 ἔχων
364 925 485 970 οὐδὲν
510 932 592 970 τιῦν
618 925 700 970 ὅσα
731 929 831 982 περὶ
861 926 934 982 τὴν
963 932 1106 984 τέχνην
1138 927 1228 971 ἐστὶ
1258 927 1479 984 ἐργαλήια·

138 999 210 1036 καί
221 1012 293 1048 μιν
308 995 488 1049 δευτέρῳ
505 994 590 1036 ἔτεϊ
601 994 808 1036 ταλάντου
821 994 1046 1049 Αἰγινῆται
1067 995 1248 1050 δημοσίῃ
1267 999 1481 1047 μισθοῦν-

138 1078 226 1111 ται,
259 1064 387 1116 τρίτῳ
421 1061 466 1102 δὲ
499 1060 584 1103 ἔτεϊ
603 1059 825 1116 Ἀθηναῖοι
856 1059 1003 1103 ἑκατὸν
1032 1061 1178 1113 μνέων,
1212 1061 1400 1117 τετάρτῳ
1434 1061 1481 1103 δὲ

139 1127 224 1169 ἔτεϊ
247 1127 521 1184 Πολυκράτης
553 1128 663 1169 δυιῦν
693 1127 923 1170 ταλάντων.
985 1124 1095 1169 οὕτω
1126 1129 1201 1181 μὲν
1234 1125 1412 1171 ἀπίκετο
1439 1126 1481 1178 ἒς

137 1192 210 1250 την
235 1194 391 1248 Σάμον,
424 1196 494 1236 καὶ
520 1192 607 1237 ἀπὸ
633 1194 787 1236 τούτου
813 1198 888 1236 τοῦ
915 1192 1067 1250 ἀνδρὸς
1094 1192 1167 1236 ούκ
1194 1192 1343 1249 ἣκιστα
1369 1201 1481 1249 Κρο-

137 1265 338 1317 τωνιῆται
365 1261 501 1317 ἰητροὶ
527 1259 826 1317 εὐδοκίμησαν·
864 1261 1043 1317 [ἐγένετο
1068 1261 1147 1316 γὰρ
1175 1256 1232 1304 ὦν
1256 1266 1382 1304 τοῦτο
1410 1259 1480 1304 ὅτε

138 1332 306 1382 πρῶτοι
329 1328 404 1381 μὲν
422 1332 717 1384 Κροτωνιῆται
737 1328 873 1385 ἰητροὶ
900 1328 1090 1383 ἐλέγοντο
1111 1327 1191 1371 ἀνὰ
1209 1328 1284 1384 τὴν
1300 1327 1479 1371 Ἑλλάδα

140 1392 265 1444 εἶναι,
294 1395 484 1449 δεύτεροι
510 1395 556 1437 δὲ
579 1402 824 1451 Κυρηναῖοι.
883 1393 990 1438 κατὰ
1015 1394 1086 1437 τὸν
1111 1393 1238 1437 αὐτὸν
1264 1396 1308 1437 δὲ·
1330 1395 1480 1452 χρόνον

139 1460 394 1517 καὶᾌργεῖοι
416 1459 564 1516 ἤκουον
578 1460 782 1518 μουσικὴν
801 1459 908 1503 εἶναι
925 1459 1125 1517 Ἑλλήνων
1145 1463 1344 1518 πρῶτοι]
1382 1463 1479 1504 τότε

142 1529 186 1571 δὲ
218 1526 239 1570 5
266 1529 516 1584 Δημοκήδης
547 1527 587 1570 ἐν
618 1537 732 1571 τοῖσι
762 1528 968 1571 Σούσοισι
1001 1528 1272 1584 ἐξιησάμενος
1298 1536 1479 1584 Δαρεῖον

142 1593 255 1637 οἶκόν
279 1611 324 1637 τε
348 1594 547 1650 μέγιστον
572 1593 655 1647 εἶχε
679 1597 750 1637 καὶ
775 1593 1068 1651 ὁλιιοτράπεζος
1091 1597 1262 1649 βασιλέϊ
1280 1594 1477 1650 ἐγεγόνεε,

140 1662 249 1718 πλήν
285 1678 330 1704 τε
361 1661 452 1712 ἑνὸς
482 1666 555 1704 τοῦ
589 1661 630 1712 ἒς
651 1660 850 1716 ’Έλληνας
882 1660 1057 1704 ἀπιέναι
1093 1662 1234 1704 πάντα
1269 1656 1402 1703 τᾶλλά
1440 1661 1481 1703 οἱ

140 1733 294 1784 παρῆν.
354 1730 421 1771 καὶ
448 1733 574 1770 τοῦτο
598 1729 674 1782 μὲν
697 1728 796 1779 τοὺς
819 1729 1083 1784 Αἰγυπτίους
1116 1728 1302 1785 ἰητρούς,
1337 1731 1380 1770 οἳ
1401 1732 1481 1782 βα-

141 1797 262 1838 σιλέα
283 1796 491 1851 πρότερον
508 1796 655 1845 ἰεῦντο,
682 1797 911 1848 μέλλοντας
926 1794 1347 1838 ἀνασκολοπιέεσθαι
1367 1796 1481 1838 διότι

140 1859 434 1918 ὗπὸἝλληνος
460 1862 603 1917 ἰητροῦ
630 1861 901 1918 ἑσσώθησαν,
927 1863 1104 1912 τούτους
1121 1862 1303 1915 βασιλέα
1322 1879 1482 1918 παραι-

140 1930 375 1985 τησάμενος
400 1928 626 1985 ἐρρύσατο·
651 1933 778 1971 τοῦτο
805 1929 849 1971 δὲ
873 1929 1023 1982 μάντιν
1044 1927 1202 1971 Ἠλεῖον
1220 1931 1485 1984 Πολυκράτεϊ

142 1995 433 2049 ἐπισπόμενον
467 1998 538 2037 καὶ
577 1993 900 2051 ἀπημελημένον
937 1995 978 2038 έν
1014 2004 1130 2038 τοῖσι
1167 1993 1483 2050 ἀνδραπόδοισι

142 2061 362 2117 ἐρρύσατο.
416 2056 463 2118 ἧν
489 2063 534 2104 δὲ
557 2066 757 2118 μέγιστον
781 2067 955 2119 πρῆγμα
980 2063 1232 2118 Δημοκήδης
1260 2061 1380 2119 παρὰ
1405 2067 1485 2117 βα-

142 2129 264 2171 σιλέϊ.

220 2194 282 2238 'Ev
305 2196 442 2252 χρόνῳ
470 2196 515 2237 δὲ
541 2194 670 2251 ὀλίγῳ
695 2195 804 2250 μετὰ
827 2201 964 2239 ταῦτα
993 2197 1096 2238 τάδε
1131 2194 1240 2238 ἄλλα
1272 2198 1484 2251 συνήνεικε

141 2265 356 2316 γενέσθαι.
405 2261 581 2318 Ατόσση
617 2267 667 2318 τῇ
703 2263 844 2317 Κύρου
880 2264 955 2316 μὲν
991 2267 1178 2318 θυγατρὶ
1215 2267 1399 2319 Δαρείου
1439 2264 1485 2304 δὲ

141 2330 304 2383 γυναικὶ
330 2327 403 2369 ἐπὶ
426 2332 500 2369 τοῦ
524 2333 689 2381 μαστοῦ
721 2329 799 2385 ε’φυ
827 2334 960 2385 φῦμα,
993 2328 1101 2382 μετὰ
1132 2328 1221 2371 δὲ’
1204 2330 1372 2408 εκραγὲν
1399 2329 1485 2371 ἐνέ-

140 2410 244 2447 μετο
270 2394 435 2448 πρόσω.
496 2391 598 2437 ὅσον
621 2396 695 2448 μὲν
722 2394 771 2450 δὴ
795 2396 944 2450 χρόνον
970 2397 1018 2451 ἠν
1043 2395 1235 2446 έλασσον,
1264 2413 1286 2450 η
1315 2396 1361 2437 δὲ
1385 2396 1485 2451 κρύ-

142 2476 313 2503 πτουσα
331 2462 400 2502 καὶ
420 2460 694 2515 αἰσχυνομένη
716 2461 871 2517 ε’φραζε
892 2460 1050 2503 οὐδενί·
1078 2461 1219 2504 ἐπείτε
1242 2461 1325 2504 δὲ’
1308 2479 1348 2504 εν
1369 2466 1484 2503 κακῶ

144 2545 203 2606 ην,
230 2531 538 2581 μετεπέμψατο
557 2526 629 2569 τὸν
643 2526 895 2583 Δηιιοκηδεα
915 2532 985 2569 καί
1004 2528 1044 2569 οἱ
1064 2528 1249 2580 ἐπέδεξε.
1289 2527 1309 2570 5
1333 2529 1377 2570 δὲ
1398 2527 1486 2584 φὰς

143 2592 265 2648 ὗγιέα
289 2594 487 2649 ποιήσειν
513 2593 679 2649 ἐξορκοῖ
702 2612 772 2647 μιν
798 2596 846 2649 ἠ
843 2598 916 2636 ιιέν
937 2595 978 2636 οἱ
997 2593 1356 2651 ἀντυπουργήσειν
1378 2594 1482 2637 ἐκεί-

143 2678 214 2716 νην
239 2665 364 2702 τοῦτο
390 2659 438 2702 τὸ
465 2658 515 2702 ἂν
541 2659 670 2715 αὐτῆς
696 2662 852 2717 δεηθῇ·
879 2662 1114 2717 derjoeodac
1140 2663 1186 2704 δὲ
1211 2660 1381 2712 οὐδενὸς
1399 2666 1485 2704 τῶν

146 2724 227 2770 ὅσα
253 2727 294 2778 ἐς
320 2727 517 2783 αἰσχύνην
543 2726 630 2770 ἐστὶ
652 2731 849 2784 φέροντα.
889 2726 946 2778 ὠς
966 2729 1010 2770 δὲ
1031 2726 1113 2783 ἄρα
1132 2746 1203 2783 μιν
1221 2728 1330 2783 μετὰ
1349 2733 1484 2772 ταῦτα

1504 609 1552 635 131

1504 1473 1553 1498 132

1509 2210 1558 2234 133

1507 2742 1556 2766 134
