1794 3282
424 260 739 295 ΗΡΟΔΟΤΟΥ
767 260 807 294 Γ.
833 260 921 294 122-
947 259 1024 294 124.
1323 249 1411 291 229

44 332 119 376 τὸν
144 331 292 387 Γύγεω
319 328 454 386 ἄνδρα
478 328 622 372 Λυδὸν
649 328 691 380 ἐς
709 329 857 383 Σάμον
883 327 1078 385 ἀγγελίην
1099 331 1297 386 φέροντα,
1325 344 1412 382 μα-

45 399 142 443 θὼν
173 402 250 442 τοῦ
281 397 584 452 Πολυκράτεος
620 394 693 439 τὸν
723 397 834 440 νόον.
894 396 1173 452 Πολυκράτης
1202 396 1283 453 γάρ
1317 395 1410 438 ἐστι

45 471 222 524 πρῶτος
258 469 343 508 τιῦν
380 463 505 521 ἡμεῖς
541 465 663 519 ’ίδμεν
690 462 894 520 Ἑλλήνιον
927 464 975 514 ὃς
1011 463 1413 520 θαλασσοκρατέειν

47 534 269 589 ἐπενώθη,
307 533 451 590 πάρεξ
478 537 599 575 Μίνω
636 549 683 576 τε
724 537 800 575 τοῦ
831 536 1058 575 Κνωσσίου
1091 533 1161 575 καὶ
1193 531 1231 574 εἰ
1264 531 1312 587 δή
1344 548 1413 581 τις

46 601 177 653 ἄλλος
201 601 415 657 πρότερος
445 601 601 643 τούτου
634 594 731 656 ἦρξε
762 604 836 656 τῆς
867 600 1117 656 θαλάσσης·
1154 604 1229 654 τῆς
1260 599 1305 641 δὲ
1337 597 1411 641 ἀν-

44 673 281 725 θρωπηίης
316 667 545 724 λεγομένης
587 672 731 723 γενεῆς
767 668 1044 724 Πολυκράτης
1087 667 1178 710 ἐστὶ
1220 671 1407 723 πρῶτος,

48 737 228 788 ἐλπίδας
253 735 420 787 πολλὰς
446 735 550 788 ἔχων
564 734 722 791 Ἰωνίης
742 751 787 778 τε
807 737 876 777 καὶ
897 736 1036 791 νήσων
1058 732 1212 790 ἄρξειν.
1251 733 1413 792 μαθων

48 799 106 847 ὦν
136 804 273 847 ταῦτά
303 821 376 858 μιν
410 804 709 857 διανοεύμενον
741 801 763 845 5
793 800 976 859 Ὀροίτης
1006 806 1189 857 πέμψας
1215 800 1412 858 ἀγγελίην

48 872 161 928 ἔλεγε
187 871 305 914 τάδε.
352 869 378 885 ‘⁶
391 868 575 927 Ὀροίτης
600 871 870 927 Πολυκράτεϊ
895 865 979 913 ὦδε
1004 870 1130 925 λέγει.
1185 869 1412 912 πυνθάνο-

45 956 126 995 μαι
152 938 448 994 ἐπιβουλεύειν
474 954 522 981 σε
547 938 772 994 πρήγμασι
791 937 1031 992 μεγάλοισι,
1057 937 1255 994 χρήματα
1276 936 1322 977 δέ
1341 952 1411 978 τοι

48 1006 123 1050 οὐκ
149 1005 258 1050 εἶναι
282 1005 391 1049 κατὰ
415 1004 470 1048 τὰ
497 1005 765 1062 φρονήματα.
818 1005 868 1046 σύ
901 1022 973 1047 νυν
1005 998 1090 1047 ὦδε
1116 1005 1306 1060 ποιήσας
1339 1000 1413 1059 ὅρ-

48 1075 214 1124 θιόσεις
238 1075 314 1128 μὲν
341 1073 541 1124 σεωυτόν,
576 1072 734 1123 σώσεις
760 1072 805 1114 δὲ
830 1073 902 1114 καὶ
928 1071 1020 1125 ἐμέ·
1054 1070 1149 1125 ἐμοὶ
1173 1071 1253 1126 γὰρ
1283 1075 1412 1126 βασι-

46 1141 142 1193 λευς
160 1142 396 1197 Καμβύσης
422 1139 697 1194 ἐπιβουλεύει
722 1140 928 1190 θάνατον,
956 1143 1031 1181 καί
1046 1156 1123 1193 μοι
1141 1144 1269 1182 τοῦτο
1292 1138 1414 1195 ἐξαγ-

46 1211 239 1266 γέλλεται
282 1211 522 1265 σαφηνέως.
585 1208 636 1251 σύ
674 1225 745 1250 νυν
789 1207 862 1262 ἐμὲ
905 1207 1134 1261 ἐκκομίσας
1177 1206 1304 1251 αι’·τὸν
1342 1210 1413 1250 καὶ

43 1278 260 1334 χρήματα,
299 1275 354 1320 τὰ
384 1277 460 1331 μὲν
493 1273 634 1319 αὐτῶν
665 1273 794 1326 αὐτὸς
821 1275 904 1328 ἔχε,
938 1274 992 1318 τὰ
1026 1276 1070 1318 δὲ
1104 1275 1176 1330 ἐμὲ
1210 1275 1258 1318 ἔα
1285 1275 1413 1329 ἔχειν·

48 1346 200 1389 εἵνεκέν
225 1360 272 1387 τε
293 1344 523 1401 χρημάτων
550 1341 693 1398 ἄρξεις
725 1341 900 1399 ἁπάσης
923 1348 997 1400 τῆς
1019 1342 1234 1395 Ἑλλάδος.
1297 1344 1335 1387 εἰ
1368 1343 1415 1386 δέ

47 1430 123 1468 μοι
150 1410 374 1463 ἀπιστέεις
397 1411 453 1454 τὰ
478 1413 580 1467 περὶ
604 1415 689 1454 τιῦν
711 1412 953 1467 χρημάτων,
988 1415 1166 1466 πέμψον
1200 1409 1320 1462 ὅστις
1344 1429 1413 1454 τοι

48 1481 316 1531 πιστότατος
333 1480 528 1536 τυγχάνει
549 1478 641 1530 ἐών,
668 1483 728 1535 τῷ
751 1477 832 1534 ἐγιὺ
855 1477 1094 1531 ἀποδέξω.”
1128 1484 1265 1522 ταῦτα
1285 1478 1414 1522 ἀκού-

50 1566 130 1600 σας
154 1547 432 1604 Πολυκράτης
456 1543 573 1603 ἥσθη
600 1563 646 1590 τε
670 1549 743 1589 καὶ
769 1546 990 1601 ἐβούλετο·
1017 1551 1090 1589 καί
1113 1564 1197 1598 κως
1225 1547 1411 1602 ἱμείρετο

49 1616 128 1673 γὰρ
153 1616 382 1672 χρημάτων
406 1615 614 1670 μεγάλως,
644 1612 904 1669 ἀποπέμπει
929 1619 1085 1672 πρῶτα
1110 1615 1411 1669 κατοψόμενον

49 1684 316 1739 Μαιάνδριον
335 1683 604 1737 Μαιανδρίου
633 1680 768 1739 ἄνδρα
791 1687 877 1725 τιῦν
898 1681 1052 1735 ἀστιῦν,
1083 1679 1130 1734 ὅς
1150 1684 1191 1726 οἱ
1214 1678 1261 1738 ἧν
1279 1700 1415 1739 γραμ-

49 1751 279 1807 ματιστής·
307 1750 354 1801 ὃς
376 1751 515 1807 χρόνῳ
539 1747 587 1792 οὗ
609 1752 758 1806 πολλῷ
779 1747 956 1807 ὕστερον
976 1752 1141 1793 τούτων
1160 1750 1234 1794 τὸν
1254 1752 1415 1805 κόσμον

50 1819 124 1863 τὸν
151 1819 194 1862 ἐκ
219 1823 295 1862 τοῦ
322 1817 560 1875 ἀνδρεῶνος
584 1822 660 1861 τοῦ
680 1819 979 1875 Πολυκράτεος
1004 1817 1129 1861 ἐόντα
1151 1817 1415 1875 ἀξιοθήητον

52 1886 236 1943 ἀνέθηκε
262 1887 406 1930 πάντα
438 1886 480 1937 ἐς
509 1885 558 1928 τὸ
581 1884 764 1942 Ἡραῖον.
821 1885 843 1929 5
878 1887 923 1929 δὲ
945 1884 1129 1942 Ὀροίτης
1159 1885 1318 1940 μαθων
1344 1885 1416 1929 τὸν

51 1955 326 1998 κατάσκοπον
353 1953 478 1997 ἐόντα
504 1954 802 2009 προσδόκιμον
829 1954 975 1997 ἐποίεε
1000 1955 1171 1997 τοιάδε·
1203 1955 1416 2010 λάρνακας

52 2020 163 2066 ὅκτιὺ
189 2022 426 2079 πληρώσας
445 2023 585 2064 λίθων
604 2021 715 2078 πλὴν
734 2022 870 2079 κάρτα
888 2021 1070 2082 βραχέος
1088 2026 1164 2064 τοῦ
1183 2024 1283 2078 περὶ
1307 2019 1417 2064 αὐτὰ

50 2089 105 2133 τὰ
133 2091 294 2144 χείλεα,
331 2089 546 2146 ἐπιπολῆς
575 2094 660 2132 τῶν
691 2092 832 2133 λίθων
860 2089 1018 2147 χρυσὸν
1051 2089 1253 2145 ἐπέβαλε,
1287 2107 1418 2132 κατα-

53 2158 187 2214 δήσας
213 2158 258 2200 δὲ
282 2156 362 2208 τὰς
386 2155 599 2215 λάρνακας
629 2156 713 2211 εἶχε
746 2157 936 2212 ἑτοίμας.
998 2157 1143 2201 ἐλθὼν
1176 2158 1222 2201 δὲ
1255 2156 1276 2200 5
1302 2165 1418 2200 Μαι-

53 2226 225 2280 άνδριος
249 2227 321 2268 καὶ
345 2226 625 2281 θηησάμενος
651 2224 891 2282 ἀπήγγελλε
910 2230 971 2282 τῷ
997 2226 1280 2280 Πολυκράτεϊ.
1320 2223 1342 2267 5
1370 2225 1414 2267 δὲ

53 2292 195 2335 πολλὰ
225 2293 300 2346 μὲν
330 2297 416 2335 τῶν
446 2297 636 2346 μαντίων
674 2291 1037 2349 ἀπαγορευόντων
1068 2292 1212 2336 πολλὰ
1251 2293 1297 2335 δὲ
1332 2296 1418 2334 τιῦν

54 2362 193 2417 φίλων
219 2359 439 2403 ἐστέλλετο
466 2358 595 2411 αὐτὸς
621 2358 810 2411 ἀπιέναι,
839 2360 952 2416 πρὸς
979 2362 1024 2403 δὲ
1049 2363 1121 2403 καὶ
1149 2360 1324 2412 ἰδούσης
1342 2364 1419 2415 τῆς

52 2426 274 2484 θυγατρὸς
305 2424 411 2482 ὄψιν
438 2426 636 2470 ἐνυπνίου
668 2429 857 2484 τοιήνδε·
896 2428 1040 2471 ἐδόκεέ
1071 2428 1113 2470 οἶ
1143 2426 1217 2470 τὸν
1249 2430 1419 2485 πατέρα

55 2494 97 2538 ἐν
121 2499 182 2551 τῴ
216 2493 307 2551 ἠέρι
336 2494 552 2550 μετέωρον
583 2494 709 2538 ἐόντα
739 2497 931 2538 λοῦσθαι
963 2496 1039 2549 μὲν
1071 2493 1159 2538 ὑπὸ
1192 2499 1269 2537 τοῦ
1296 2495 1415 2546 Διός,

51 2566 260 2620 χρίεσθαι
297 2563 343 2605 δὲ
381 2553 467 2606 ὑπὸ
504 2567 580 2606 τοῦ
617 2561 754 2619 ἡλίου.
813 2563 970 2619 ταύτην
1009 2563 1163 2606 ἰδοῦσα
1199 2562 1273 2619 τὴν
1311 2559 1419 2618 ὄψιν

54 2637 238 2686 παντοίη
272 2629 431 2686 ἐγίνετο
467 2629 525 2686 μὴ
557 2628 842 2687 ἀποδημῆσαι
877 2629 951 2673 τὸν
982 2630 1260 2687 Πολυκράτεα
1296 2629 1418 2685 παρὰ

55 2698 128 2743 τὸν
149 2697 344 2755 Ὀροίτην,
377 2700 449 2741 καὶ
475 2697 525 2754 δὴ
551 2699 622 2741 καὶ
649 2698 790 2749 ι’όντος
816 2696 946 2741 αὐτοῦ
981 2697 1051 2741 ἐπὶ
1083 2697 1158 2754 τὴν
1188 2698 1421 2754 πεντηκόν-

55 2784 176 2826 τερον
192 2766 497 2824 ἐπεφημίζετο.
531 2763 553 2809 ὅ
576 2766 623 2809 δέ
642 2766 684 2810 οἱ
703 2764 922 2825 ἠπείλησε,
947 2765 994 2823 ἢν
1009 2766 1111 2818 σόος
1126 2764 1418 2823 ἀπονοστήσῃ,

1439 1491 1486 1516 123

1442 2237 1492 2262 124
