1794 3282
246 253 328 295 248
663 255 976 291 ΗΡΟΔΟΤΟΥ
1006 256 1048 289 Δ.
1075 256 1198 290 8—10.

245 335 456 385 νέμονται.
516 325 738 382 Γηρυόνεα
769 324 815 366 δὲ
848 323 1000 366 οἰκέειν
1027 322 1107 375 ἔξω
1139 328 1217 366 τοῦ
1248 326 1430 378 πόντου,
1463 342 1611 369 κατοι-

246 401 422 453 κημένον
452 393 526 450 τὴν
547 391 743 449 Ἕλληνες
773 390 948 448 λέγουσι
973 389 1203 449 Ἐρύθειαν
1236 397 1362 449 νῆσον
1393 392 1467 449 τὴν
1498 392 1611 450 πρὸς

249 465 494 520 Γηὸείροισι
519 469 635 504 τοῖσι
661 460 741 512 ἔξω
763 458 999 517 Ἡρακλέων
1026 458 1213 515 στηλέων
1239 459 1313 503 ἐπὶ
1336 464 1398 516 τῷ
1419 459 1609 516 Ὠκεανῷ.

244 530 317 574 τὸν
350 531 395 573 δὲ
423 528 612 572 Ὠκεανὸν
643 529 757 584 λόγῳ
794 528 870 581 μὲν
904 529 1079 583 λέγουσι
1115 525 1190 570 ἀπ’
1213 525 1336 584 ἡλίου
1368 526 1631 571 ἀνατολέων·

248 598 483 654 ἀρξάμενον
514 601 589 652 γῆν
622 597 724 653 περὶ
756 599 902 638 πᾶσαν
935 595 1063 651 ῥέειν,
1103 593 1212 651 ἔργῳ
1245 595 1291 638 δὲ
1323 593 1399 638 οῦκ
1429 593 1612 638 ἀποδει-

246 671 378 708 κνῦσι.
429 663 628 707 ἐνθεῦτεν
654 662 728 706 τὸν
742 661 948 718 Ἡρακλέα
974 659 1221 705 ἀπικέσθαι
1247 661 1289 713 ές
1313 661 1388 719 τὴν
1412 666 1485 705 νῦν
1503 670 1612 705 Σκυ-

248 732 375 789 θικὴν
398 732 541 790 χώρην
566 733 835 786 καλεομένην,
869 730 1128 784 καταλαβεῖν
1158 728 1239 786 γὰρ
1267 728 1397 773 αὐτὸν
1418 730 1611 784 χειμῶνά

246 818 292 844 τε
318 802 389 843 καὶ
414 799 586 855 κρυμόν,
621 798 960 855 ἐπειρυσάμενον
991 796 1066 852 τὴν
1091 799 1285 854 λεοντέην
1315 801 1611 850 κατυπνῶσαι,

246 868 323 920 τὰς
362 869 408 910 δέ
445 867 487 910 οἱ
516 867 685 917 ἵππους
716 864 793 916 τὰς
830 862 917 908 ὑπὸ
954 869 1032 907 τοῦ
1071 862 1263 920 ἅρματος
1299 869 1535 920 νεμομένας
1572 864 1614 907 έν

207 951 224 977 9
249 936 388 991 τούτῳ
420 940 480 991 τῷ
509 935 649 991 χρόνῳ
683 931 988 990 ἀφανισθῆναι
1023 936 1126 990 θείῃ
1158 934 1276 990 τύχῃ.
1344 931 1403 984 ὥς
1440 931 1615 990 δ’ἒγερ-

250 1008 384 1060 θῆναι
414 1001 487 1045 τὸν
513 1000 736 1058 Ἡρακλέα,
773 1001 1000 1057 δίζησθαι,
1035 1001 1181 1043 πάντα
1215 1002 1260 1043 δὲ
1290 999 1345 1044 τὰ
1374 1005 1450 1056 τῆς
1471 1002 1615 1058 χώρης

251 1071 544 1123 ἐπεξελθόντα
568 1071 690 1120 τέλος
722 1066 968 1111 ἀπικέσθαι
999 1067 1042 1119 ἐς
1072 1067 1146 1124 τὴν
1167 1066 1329 1125 Ὑλαίην
1359 1070 1614 1125 καλεομένην

249 1143 343 1195 γῆν·
383 1137 574 1180 ἐνθαῦτα
612 1137 658 1178 δὲ
696 1133 825 1178 αὐτὸν
858 1133 995 1191 εὑρεῖν
1028 1135 1069 1178 ἒν
1108 1133 1248 1192 ἄντρῳ
1285 1136 1614 1192 μιξοπάρθενόν

249 1222 345 1249 τινα
372 1204 536 1258 ἔχιδναν
563 1203 740 1261 διφυέα,
779 1207 853 1259 τῆς
876 1202 930 1245 τὰ
960 1204 1037 1257 μὲν
1070 1200 1157 1245 ἅνω
1192 1202 1282 1246 ἀπὸ
1308 1208 1393 1246 τιῦν
1423 1205 1614 1259 γλουτῶν

252 1272 361 1316 εἶναι
384 1272 600 1329 γυναικός,
634 1270 688 1314 τὰ
715 1272 761 1313 δὲ
787 1271 938 1327 ἔνερθε
965 1268 1106 1327 ὄφιος.
1169 1271 1317 1313 ἰδόντα
1350 1272 1396 1313 δὲ
1426 1273 1498 1313 καὶ
1523 1276 1615 1314 θω-

248 1341 450 1395 μάσαντα
477 1339 738 1396 ἐπείρεσθαί
755 1356 828 1392 μιν
850 1339 891 1380 εἴ
906 1355 980 1380 κου
1002 1338 1092 1380 ἰ’δοι
1111 1338 1280 1389 ἵππους
1299 1339 1613 1392 πλανεομένας·

249 1408 323 1465 τὴν
361 1408 408 1450 δὲ
439 1407 576 1464 φάναι
608 1405 769 1461 ἑωυτὴν
806 1405 932 1458 ἔχειν,
971 1407 1043 1447 καὶ
1080 1402 1154 1447 οῦκ
1186 1402 1437 1448 ἀποδώσειν
1470 1405 1615 1462 ἐκείνῳ

251 1478 354 1531 πρὶν
386 1473 413 1532 ἤ
444 1474 486 1517 οἱ
514 1477 745 1530 μιχθῆναι·
783 1472 858 1516 τὸν
891 1473 936 1515 δὲ·
963 1470 1170 1527 Ἡρακλέα
1208 1476 1421 1529 μιχθῆναι
1452 1471 1527 1516 ἐπὶ
1555 1478 1617 1530 τῷ

250 1547 403 1598 μισθῷ
434 1542 590 1598 τούτῳ.
652 1540 810 1597 ἐκείνην
839 1557 886 1583 τε
919 1539 969 1596 δὴ
1001 1538 1362 1597 ὑπερβάλλεσθαι
1392 1538 1466 1597 τὴν
1503 1538 1614 1584 ἀπό-

254 1612 374 1654 δοσιν
404 1615 491 1653 τιῦν
522 1610 686 1661 ἵππων,
719 1607 983 1664 βουλομένην
1017 1606 1076 1658 (ὗς
1107 1609 1314 1651 πλεῖστον
1341 1608 1494 1663 χρόνον
1521 1624 1618 1652 συν-

253 1687 363 1721 εῖναι
386 1682 448 1734 τῷ
463 1676 668 1733 Ἡρακλέϊ,
696 1678 768 1719 καὶ
792 1674 866 1719 τὸν
890 1676 1179 1730 κομισάμενον
1201 1674 1370 1719 ἐθέλειν
1391 1674 1619 1720 ἀπαλλάσ-

254 1750 436 1790 σεσθαι·
462 1747 585 1796 τέλος
611 1745 657 1787 δὲ
683 1742 982 1787 ἀποδιδοῦσαν
1009 1741 1140 1800 αὐτὴν
1159 1743 1298 1786 εἰπεῖν
1319 1741 1346 1757 “
1357 1743 1525 1795 ἵππους
1542 1744 1618 1799 μὲν

255 1814 304 1872 δὴ
325 1814 486 1864 ταύτας
507 1811 774 1867 ἀπικομένας
795 1811 956 1854 ἐνθάδε
982 1811 1127 1855 ἕσωσά
1152 1828 1221 1854 τοι
1248 1810 1343 1867 ἐγώ,
1373 1815 1548 1868 σῶστρα
1573 1812 1619 1855 δὲ

256 1882 306 1925 σὺ
345 1885 577 1936 παρέσχες·
612 1881 704 1935 ἔχω
733 1878 813 1936 γὰρ
852 1878 897 1921 ἐκ
929 1882 1001 1922 σέο
1034 1880 1198 1930 παῖδας
1233 1887 1361 1936 τρεῖς.
1422 1880 1616 1931 τούτους,

256 1948 386 1992 ἐπεὰν
411 1952 617 2004 γένωνται
640 1947 831 2004 τρόφιες,
862 1943 886 1988 ὅ
904 1964 946 1989 τι
962 1946 1040 2003 χρὴ
1061 1950 1241 1998 ποιέειν,
1271 1946 1416 2002 ἐξηγέο
1438 1946 1504 1999 σύ,
1533 1946 1619 1989 εἴτε

257 2015 389 2059 αὐτοῦ
416 2016 643 2067 κατοικίζω
671 2014 830 2070 (χώρης
853 2012 934 2071 γὰρ
960 2014 1088 2070 τῆσδε
1116 2013 1196 2066 ἔχω
1227 2012 1276 2055 τὸ
1303 2015 1460 2070 κράτος
1490 2012 1616 2069 αῦτή)

255 2084 341 2127 εἴτε
367 2081 624 2136 ἀποπέμπω
651 2080 773 2137 παρὰ
800 2079 885 2123 σε’.”
924 2079 999 2136 τὴν
1023 2081 1100 2134 μὲν
1126 2078 1175 2136 δῆ
1201 2084 1337 2122 ταῦτα
1364 2079 1616 2136 ἐπειρωτᾶν,

255 2150 328 2195 τὸν
362 2151 408 2193 δὲ
439 2151 611 2205 λέγουσι
641 2147 753 2205 πρὸς
783 2152 920 2190 ταῦτα
951 2147 1090 2190 εἰπεῖν
1117 2143 1282 2190 ((ἒπεὰν
1314 2145 1620 2203 ἀνδρωθέντας

256 2219 326 2275 ἰ’δῃ
351 2217 453 2268 τοὺς
478 2217 655 2268 παῖδας,
682 2216 786 2258 τάδε
811 2219 1001 2258 ποιεῦσα
1027 2213 1101 2258 οῦκ
1128 2212 1178 2257 ἂν
1204 2212 1484 2271 ἁμαρτάνοις.
1544 2214 1618 2258 τὸν

253 2286 331 2340 μὲν
357 2282 408 2327 ἂν
435 2283 539 2341 ὁρᾷς
565 2282 704 2326 αὗτῶν
728 2283 830 2326 τόδε
859 2282 908 2325 τὸ
935 2283 1059 2335 τόξον
1087 2276 1172 2324 ὦδε
1205 2283 1523 2337 διατεινόμενον
1547 2285 1620 2326 καὶ

255 2357 317 2409 τῷ
338 2353 522 2409 ζωστῆρι
546 2352 657 2408 τῷδε
677 2350 786 2393 κατὰ
804 2350 909 2393 τάδε
931 2350 1201 2404 ζωννύμενον,
1223 2354 1374 2393 τοῦτον
1392 2350 1469 2404 μὲν
1489 2351 1620 2407 τῆσδε

256 2426 331 2477 τῆς
358 2420 501 2476 χώρης
533 2419 736 2476 οἰκήτορα
766 2422 914 2461 ποιεῦ·
953 2417 1001 2469 ὃς
1033 2415 1071 2460 δ’
1095 2414 1145 2460 ἂν
1176 2418 1340 2461 τούτων
1369 2421 1456 2460 τῶν
1488 2417 1620 2475 ἔργων

257 2494 341 2532 τιῦν
373 2487 622 2542 ἐντέλλομαι
652 2489 874 2543 λείπηται,
915 2484 1109 2540 ἔκπεμπε
1147 2484 1191 2529 ἔκ
1226 2489 1302 2541 τῆς
1333 2485 1489 2542 χώρης.
1548 2487 1622 2528 καὶ

258 2562 395 2601 ταῦτα
425 2560 614 2600 ποιεῦσα
646 2552 752 2610 αὕτη
790 2570 837 2596 τε
869 2550 1105 2610 εὐφρανέαι
1142 2554 1214 2595 καὶ
1249 2551 1304 2596 τὰ
1342 2551 1622 2607 ἐντεταλμένα

203 2640 235 2665 10
260 2622 499 2682 ποιήσεις.”
555 2622 628 2665 τὸν
659 2622 735 2676 μὲν
767 2620 817 2678 δὴ
852 2621 1083 2677 εἰρύσαντα
1112 2625 1197 2663 τιῦν
1227 2620 1365 2673 τόξων
1394 2620 1443 2663 τὸ
1478 2620 1621 2676 ἕτερον

261 2695 354 2748 (δύο
380 2692 460 2750 γὰρ
482 2691 532 2748 δη
553 2694 726 2748 φορέειν
745 2692 853 2740 τέως
867 2686 1089 2744 Ἡρακλέα)
1109 2690 1181 2731 καὶ
1200 2686 1274 2731 τὸν
1295 2688 1493 2744 ζωστῆρα
1511 2704 1622 2745 προ-

263 2762 453 2814 δέξαντα,
481 2760 756 2817 παραδοῦναι
775 2755 824 2800 τὸ
844 2757 969 2809 τόξον
989 2773 1033 2799 τε
1052 2758 1123 2799 καὶ
1150 2754 1223 2799 τὸν
1249 2755 1446 2811 ζωστῆρα
1472 2754 1622 2808 ’έχοντα
