1794 3282
166 1135 215 1161 119

169 2083 217 2108 120

239 235 323 277 144
617 239 931 275 HPOAOTOI‘
961 238 1001 272 Β.
1030 238 1218 273 118-120.

237 329 338 362 τους
370 310 410 354 δ
435 310 578 353 ἐπείτε
611 308 808 351 ἐσελθεῖν
841 306 883 362 ἐς
913 305 962 349 τὸ
994 315 1150 360 τεῖχος,
1185 304 1410 349 ἀπαιτέειν
1437 303 1600 360 Ἑλέιην

237 396 283 422 τε
308 380 380 420 καὶ
404 376 459 420 τὰ
480 377 681 433 χρήματα
706 375 760 417 τά
789 374 830 417 οἱ
856 374 996 427 οίχετο
1021 375 1186 429 κλέψας
1206 372 1296 416 Αλέ
1298 374 1488 451 ξανδρος,
1515 376 1599 414 τῶν

236 462 282 488 τε
308 443 584 499 ἀδικημάτων
612 443 732 493 δίκας
759 441 934 484 αἰτέειν·
960 440 1061 492 τοὺς
1082 442 1128 484 δὲ
1153 440 1359 498 Τευκροὺς
1377 440 1451 484 τὸν
1471 438 1600 483 αὐτὸν

236 513 364 567 λόγον
389 512 525 566 λέγειν
549 510 648 553 τότε
673 511 745 552 καὶ
769 512 1031 564 μετέπειτεν,
1064 510 1135 551 καὶ
1161 506 1370 563 ὀμνύντας
1393 510 1465 551 καὶ
1491 505 1599 550 ἀνω-

235 582 355 634 μοτί,
394 579 452 635 μὴ
489 578 565 633 μὲν
598 577 706 631 ἔχειν
733 575 897 633 Ἑλένην
927 577 1037 633 μηδὲ
1072 574 1127 619 τὰ
1159 575 1471 629 ἐπικαλεόμενα
1499 575 1602 631 χρή-

236 663 370 701 ματα,
410 643 499 689 ἀλλ’
523 643 633 689 εἶναι
664 643 774 688 αὐτὰ
805 645 950 687 πάντα
987 643 1029 687 ἐν
1059 643 1291 699 Αἰγύπτῳ,
1330 645 1401 685 καὶ
1440 641 1516 685 οὐκ
1551 640 1602 685 ἂν

238 715 417 765 δικαίως
449 711 575 756 αὐτοὶ
608 714 728 764 δίκας
758 710 931 766 ὑπέχειν
962 716 1047 754 τιῦν
1076 709 1275 768 Πρωτεὺς
1307 707 1329 753 5
1360 709 1602 766 Αἰγύπτιος

236 781 442 837 βασιλεὺς
474 781 573 835 ἔχει.
641 781 683 824 οἱ
720 781 766 823 δὲ
787 777 982 836 Ἕλληνες
1017 780 1346 833 καταγελᾶσθαι
1385 778 1603 828 δοκέοντες

238 849 310 894 ὑπ’
329 848 470 893 αὐτῶν
497 846 609 892 οὕτω
638 847 686 905 δὴ
716 847 1005 905 ἐπολιόρκεον,
1040 846 1082 898 ἐς
1114 846 1136 890 ὃ
1170 845 1349 899 ἐξεῖλον·
1387 845 1533 889 ἑλοῦσι
1559 845 1604 887 δὲ

237 918 287 961 τὸ
313 927 454 972 τεῖχος
480 915 539 968 ὥς
559 914 635 959 οὐκ
662 916 862 973 ἐφαίνετο
882 914 1077 972 ἡἙλένη,
1107 912 1216 957 ἀλλὰ
1234 912 1308 957 τὸν
1329 911 1458 957 αὐτὸν
1478 913 1604 968 λόγον

237 991 299 1042 τῷ
320 988 518 1042 προτέρῳ
541 983 852 1036 ἐπυνθάνοντο,
881 980 993 1026 οὕτω
1015 981 1065 1039 δὴ
1087 982 1396 1032 πιστεύσαντες
1414 985 1475 1037 τῷ
1489 981 1602 1037 λόγῳ

240 1058 301 1110 τῷ
317 1053 479 1109 πρώτῳ
496 1049 741 1108 οἷἝλληνες
761 1049 890 1094 αὐτὸν
903 1052 1123 1094 Μενέλεων
1143 1048 1463 1093 ἀποστέλλουσι
1483 1047 1604 1103 παρὰ

240 1120 435 1178 Πρωτέα.
475 1118 738 1174 ἀπικόμενος
765 1120 810 1162 δὲ
837 1117 858 1161 5
879 1117 1099 1169 Μενέλεως
1126 1117 1168 1169 ἐς
1192 1116 1267 1173 τὴν
1288 1117 1510 1173 Αἴγυπτον
1534 1118 1604 1159 καὶ

241 1187 506 1238 ἀναπλώσας
532 1187 575 1238 ἐς
600 1187 675 1244 τὴν
694 1190 881 1243 Μέμφιν,
911 1186 1040 1236 εἴπας
1059 1185 1134 1241 τὴν
1155 1183 1369 1241 ἀλήθειαν
1389 1189 1475 1228 τιῦν
1494 1202 1606 1242 πρη-

239 1257 426 1313 γμάτων,
453 1257 523 1297 καὶ
552 1257 716 1307 ξεινίων
741 1253 895 1311 ἤντησε
919 1254 1116 1309 μεγάλων
1140 1254 1212 1294 καὶ
1232 1251 1396 1308 Ἑλένην
1423 1251 1607 1294 ἀπαθέα

239 1328 378 1366 κακῶν
406 1322 616 1377 ἀπέλαβε,
650 1320 763 1378 πρὸς
790 1323 836 1363 δὲ
861 1323 931 1364 καὶ
956 1320 1010 1363 τὰ
1036 1320 1200 1362 ἑωυτοῦ
1223 1320 1422 1377 χρήματα
1447 1320 1605 1363 πάντα.

239 1390 376 1444 τυχιὺν
395 1394 542 1444 μέντοι
560 1389 725 1432 τούτων
746 1388 910 1445 ἐγένετο
931 1389 1152 1438 Μενέλεως
1173 1385 1276 1444 ἀνὴρ
1299 1385 1446 1439 ἄδικος
1468 1387 1509 1438 ἐς
1526 1387 1608 1431 Αἰ-

239 1463 468 1515 γυπτίους·
496 1455 752 1500 ἀποπλώειν
765 1455 845 1513 γὰρ
862 1454 1111 1512 ὡρμημένον
1126 1453 1254 1499 αὐτὸν
1269 1454 1386 1509 ἶσχον
1402 1453 1586 1499 ἄπλοιαι
1598 1468 1606 1478 ·

241 1525 393 1582 ἐπειδὴ
417 1526 463 1568 δὲ
482 1529 611 1568 τοῦτο
637 1524 711 1567 ἐπὶ
731 1522 894 1567 πολλὸν
914 1528 1089 1566 τοιοῦτο
1109 1518 1171 1580 ἦν,
1201 1523 1476 1576 ἐπιτεχνᾶται
1496 1527 1607 1580 πρῆ-

241 1612 328 1650 γμα
355 1592 429 1636 οὐκ
456 1590 596 1636 ὅσιον·
623 1591 766 1647 λαβὼν
791 1591 871 1650 γὰρ
899 1592 974 1634 δύο
995 1592 1156 1634 παιδία
1177 1589 1343 1648 ἀνδρῶν
1365 1589 1608 1647 ἐπιχωρίων

242 1662 400 1716 ἔντομά
421 1677 536 1718 σφεα
557 1660 751 1717 ἐποίησε.
788 1659 898 1715 μετὰ
921 1660 966 1702 δὲ
988 1657 1047 1711 (ὃς
1062 1658 1272 1710 ἐπάϊστος
1293 1658 1457 1715 ἐγένετο
1477 1661 1606 1701 τοῦτο

242 1731 517 1786 ἐργασμένος,
549 1732 759 1785 μισηθείς
789 1744 835 1771 τε
866 1729 938 1770 καὶ
969 1727 1231 1782 διωκόμενος
1263 1727 1403 1780 οἴχετο
1437 1726 1607 1783 φεύγων

239 1803 339 1854 τῇσι
364 1799 487 1853 νηυσὶ
515 1795 588 1839 ἐπὶ
613 1797 793 1852 Λιβύης.
853 1795 903 1839 τὸ
937 1795 1138 1839 ἐνθεῦτεν
1171 1796 1217 1838 δὲ
1249 1792 1350 1838 ὅκου
1378 1794 1603 1852 ἐτράπετο,

242 1864 382 1908 οὖκέτι
414 1863 524 1917 εἶχον
558 1863 696 1906 εἰπεῖν
726 1864 986 1919 Αἰγύπτιοι·
1023 1865 1189 1908 τούτων
1221 1864 1267 1907 δὲ
1296 1862 1351 1906 τὰ
1381 1863 1457 1917 μὲν
1491 1862 1607 1905 ἴστο-

241 1938 360 1990 ρίῃσι
386 1932 553 1989 ἔφασαν
580 1930 867 1983 ἐπίστασθαι,
895 1930 949 1973 τὰ
976 1932 1022 1974 δὲ
1047 1930 1147 1988 παρ’
1171 1931 1374 1975 ἑωυτοῖσι
1398 1930 1606 1987 γενόμενα

242 1999 452 2055 ἀτρεκέως
479 1998 762 2053 ἐπιστάμενοι
787 2001 934 2054 λέγειν.

332 2072 474 2110 Ταῦτα
509 2067 585 2121 μὲν
620 2066 874 2122 Αἰγυπτίων
913 2067 955 2109 οἱ
992 2067 1101 2124 ἱρέες
1137 2066 1298 2123 ἔλεγον·
1344 2065 1424 2122 ἐγὼ
1463 2067 1509 2109 δὲ
1544 2070 1605 2123 τῷ

241 2136 355 2191 λόγῳ
386 2139 447 2191 τῷ
480 2136 582 2190 περὶ
607 2131 770 2190 Ἑλένης
801 2135 998 2187 λεχθέντι
1028 2137 1099 2176 καὶ
1131 2132 1259 2185 αὐτὸς
1290 2138 1602 2189 προστίθεμαι,

241 2204 346 2246 τάδε
373 2202 693 2258 ἐπιλεγόμενος,
723 2202 760 2244 εἷ
786 2195 834 2258 ἧν
855 2200 992 2259 Ἑλένη
1022 2202 1062 2244 ἐν
1084 2200 1211 2259 Ἰλίω,
1246 2199 1572 2258 ἀποδοθῆναι
1554 2220 1605 2243 αν

243 2289 295 2313 αι
302 2289 373 2327 την
404 2278 521 2313 τοῖσι
537 2267 711 2325 Ἕλλησι
741 2267 839 2326 ἤτοι
871 2268 1040 2320 ἑκόντος
1069 2286 1116 2325 γε
1142 2268 1167 2326 ἢ
1195 2267 1395 2320 ἀέκοντος
1415 2267 1606 2322 Ἀλεξάν-

244 2340 360 2394 δροτ.
424 2336 470 2381 οὗ
503 2337 582 2394 γὰρ
617 2337 667 2394 δη
707 2335 818 2380 ούτω
855 2353 901 2393 γε
939 2334 1237 2394 φρενοβλαβης
1273 2339 1322 2379 ἵν
1355 2335 1376 2379 5
1410 2340 1607 2395 Πρίαμος

243 2406 343 2450 οὖδὲ
376 2406 417 2448 οἳ
448 2404 572 2449 άλλοι
604 2406 645 2448 οἱ
670 2405 961 2462 προσήκοντες
987 2403 1121 2461 αὐτῶ,
1163 2400 1274 2447 ὥστε
1303 2413 1419 2447 τοῖσι
1453 2409 1608 2462 σφετέ-

243 2490 359 2531 ροισι
386 2474 561 2528 σώιιασι
585 2476 656 2516 καὶ
681 2481 799 2516 τοῖσι
823 2476 1010 2516 τέκνοισι
1040 2474 1112 2515 καὶ
1143 2477 1194 2531 τῆ
1219 2473 1327 2516 πόλι
1352 2473 1608 2516 κινδυνεύειν

243 2542 492 2597 ἐβούλοντο,
527 2539 638 2592 ὅκως
659 2539 929 2596 Άλέξανδρος
949 2539 1089 2598 Ἑλένῃ
1122 2544 1330 2598 συνοικέῃ.
1393 2541 1432 2583 εἷ
1464 2542 1511 2583 δέ
1539 2557 1609 2583 τοι

242 2612 315 2652 καὶ
353 2610 393 2652 ἐν
430 2618 547 2653 τοῖσι
579 2608 797 2665 πρώτοισι
831 2609 1026 2664 χρόνοισι
1061 2613 1198 2651 ταῦτα
1235 2608 1472 2664 ἐγίνωσκον,
1513 2607 1609 2650 ἐπεὶ

245 2679 403 2720 πολλοὶ
433 2679 509 2732 μὲν
539 2681 625 2720 τῶν
657 2674 796 2720 ἄλλων
827 2677 993 2732 Τρώων,
1028 2675 1151 2720 ὁκότε
1182 2680 1463 2732 συμμίσγοιεν
1491 2683 1609 2718 τοῖσι

233 2743 427 2802 Ἕλλησι,
463 2744 740 2798 ἀπώλλυντο,
776 2743 908 2788 αὐτοῦ
942 2746 989 2788 δὲ
1014 2745 1212 2802 Πριάμου
1241 2742 1315 2786 οὐκ
1342 2743 1433 2787 ἐστι
1459 2739 1530 2785 ὅτε
1556 2740 1606 2786 οὗ
