1794 3282
534 268 850 303 HPOAOTOT
881 269 921 302 Δ.
950 268 1026 303 183.
1054 268 1130 302 184.
1431 257 1512 298 311

147 336 388 394 φοιτέουσι.
428 335 517 380 ἀπὸ
541 338 587 379 δὲ·
600 335 799 392 Αὐγίλων
821 336 893 380 διὰ
915 338 1016 379 δέκα
1036 334 1226 393 ἡμερέων
1247 334 1386 379 ἄλλων
1410 333 1514 378 ὁδοῦ
1540 347 1588 372 183

147 404 290 460 ἕτερος
316 402 419 455 ἁλὸς
444 403 631 455 κολωνὸς
656 406 729 447 καὶ
760 402 877 460 ὕδωρ
910 406 982 447 καὶ
1014 408 1205 461 φοίνικες
1236 403 1517 460 καρποφόροι

146 473 322 525 πολλοί,
361 472 557 528 κατάπερ
588 474 661 514 καὶ
700 471 742 515 ἒν
778 481 896 515 τοῖσι
933 471 1139 529 ἑτέροισι·
1178 474 1250 515 καὶ
1281 470 1518 528 ἄνθρωποι

149 539 340 583 οἰκέουσι
373 539 414 583 ἐν
441 537 556 596 αὗτῴ
588 548 705 583 τοῖσι
738 538 902 594 οὕνομα
927 541 1207 597 Γαράμαντές
1239 539 1348 591 ἐστι,
1389 539 1518 589 ἔθνος

148 611 258 663 μέγα
291 607 493 662 ἷσχυριῦς,
539 610 582 651 οἳ
614 607 687 651 ἐπὶ
724 606 797 651 τὸν
835 605 919 650 ἅλα
948 612 1024 664 γῆν
1058 607 1366 664 ἐπιφορέοντες
1404 605 1516 651 οὕτω

152 678 397 731 σπείρουσι.
459 676 790 729 συντομώτατον
822 673 861 718 δ’
880 674 971 719 ἐστὶ
1004 674 1047 726 ἐς
1077 674 1178 726 τοὺς
1204 675 1515 732 Λωτοφάγους,

154 742 198 786 ἐκ
221 746 307 786 τῶν
332 743 558 799 τριήκοντα
584 741 774 800 ἦμερέων
801 743 843 795 ές
870 741 1027 794 αὐτοὺς
1053 741 1155 794 ὁδός
1181 742 1285 786 ἐστι.
1336 741 1378 785 ἐν
1402 751 1520 785 τοῖσι

152 812 224 852 καὶ
251 810 292 852 οἱ
318 808 619 865 ὀπισθονόμοι
647 811 750 865 βόες
780 815 984 867 γίνονται.
1035 808 1337 864 ὀπισθονόμοι
1369 810 1414 852 δὲ
1447 808 1519 852 διὰ

152 878 254 921 τόδε
291 877 395 921 εἶσί·
432 877 486 921 τὰ
522 882 647 934 κέρεα
679 878 826 932 ἔχουσι
861 879 1078 935 κεκυφότα
1111 878 1153 930 ἒς
1188 877 1238 921 τὸ
1277 878 1518 933 ἔμπροσθε.

154 944 228 988 διὰ
253 950 381 988 τοῦτο
410 943 554 989 ὀπίσω
583 944 896 1002 ἀναχωρέοντες
921 945 1140 1000 νέμονται·
1180 946 1222 997 ἐς
1253 947 1333 1002 γὰρ
1364 944 1412 987 τὸ
1448 944 1521 997 ἔμ-

153 1017 329 1069 προσθε
356 1011 431 1056 οὐκ
458 1012 546 1056 οἶοί
570 1018 615 1056 τέ
642 1014 727 1057 εἰσι
752 1015 1142 1069 προεμβαλλόντων
1169 1013 1212 1064 ἐς
1236 1013 1310 1070 τὴν
1335 1017 1410 1069 γῆν
1434 1015 1519 1055 τῶν

152 1081 322 1137 κερέων.
384 1079 488 1123 ἄλλο
517 1082 562 1123 δὲ
589 1079 712 1123 οὗδὲν
741 1082 1000 1138 διαφέρουσι
1024 1086 1110 1124 τῶν
1143 1079 1282 1124 ἄλλων
1312 1085 1426 1135 βοιῦν
1453 1077 1521 1123 ὅτι

151 1147 209 1205 μὴ
235 1153 382 1199 τοῦτο,
416 1150 487 1191 καὶ
514 1147 561 1190 τὸ
591 1148 727 1205 δέρμα
753 1148 796 1199 ἐς
821 1149 1049 1205 παχύτητά
1079 1166 1125 1192 τε
1150 1151 1222 1191 καὶ
1252 1157 1418 1203 τρῖψιν.
1480 1147 1522 1190 οἱ

155 1217 431 1272 Γαράμαντες
457 1216 503 1258 δὲ
529 1209 650 1259 οὗτοι
670 1215 772 1267 τοὺς
791 1217 1091 1272 τρωγλοδύτας
1109 1216 1342 1267 Αἰθίοπας
1360 1215 1521 1272 θηρεύ-

154 1300 252 1327 ουσι
281 1279 400 1327 τοῖσι
429 1287 746 1339 τεθρίπποισι·
785 1284 828 1327 οἱ
857 1283 938 1340 γὰρ
971 1284 1269 1340 τρωγλοδύται
1299 1283 1523 1333 Αἰθίοπες

152 1352 296 1402 πόδας
320 1352 520 1405 τάχιστοι
545 1349 800 1409 ἀνθρώπων
831 1352 1008 1395 πάντων
1040 1351 1126 1395 εἰσὶ
1157 1356 1242 1394 τιῦν
1271 1349 1396 1408 ἡμεῖς
1421 1354 1523 1407 πέρι

152 1420 306 1475 λόγους
333 1417 692 1476 ἀποφερομένους
726 1418 950 1473 ἀκούομεν.
1016 1422 1234 1462 σιτέονται
1260 1419 1306 1461 δὲ
1340 1418 1382 1461 οἱ
1411 1435 1523 1475 τρω-

151 1487 356 1543 γλοδύται
383 1485 486 1543 ὄφις
511 1489 582 1529 καὶ
608 1487 773 1541 σαύρας
798 1488 869 1529 καὶ
894 1486 948 1529 τὰ
979 1491 1162 1530 τοιαῦτα
1192 1491 1277 1529 τιῦν
1309 1485 1522 1542 ἑρπετῶν·

152 1556 352 1611 γλῶσσαν
385 1555 430 1597 δὲ
463 1553 642 1611 οὐδεμιῇ
682 1552 787 1611 ἄλλῃ
825 1559 1072 1611 παρομοίην
1109 1558 1374 1608 νενομίκασι,
1415 1552 1523 1596 ἀλλὰ

152 1627 371 1680 τετρίγασι
397 1622 589 1679 κατάπερ
617 1622 663 1664 αἱ
687 1623 938 1679 νυκτερίδες.

236 1689 341 1734 Ἀπὸ
381 1690 427 1733 δὲ
459 1690 754 1747 Γαραμάντων
794 1688 846 1733 δι’
871 1688 1010 1733 ἄλλων
1049 1691 1150 1733 δέκα
1186 1687 1378 1746 ἡμερέων
1417 1687 1521 1731 ὁδοῦ
1542 1702 1592 1728 154

154 1757 285 1810 ἄλλος
323 1756 427 1808 ἁλός
462 1774 509 1800 τε
544 1757 733 1808 κολωνὸς
763 1760 834 1800 καὶ
864 1755 1003 1813 ὕδωρ,
1042 1759 1114 1800 καὶ
1151 1756 1386 1812 ἄνθρωποι
1423 1759 1525 1813 περὶ

156 1825 286 1870 αὐτὸν
313 1826 503 1868 οἰκέουσι
521 1833 639 1868 τοῖσι
659 1824 824 1880 οὔνομά
845 1824 937 1869 ἐστι
953 1824 1214 1881 Ἀτάραντες,
1244 1827 1287 1867 οἳ
1306 1822 1526 1879 ἀνώνυμοί

156 1895 242 1938 εἰσι
272 1899 426 1948 μοῦνοι
457 1891 709 1950 ἀνθρώπιον
741 1897 826 1936 τῶν
857 1892 981 1949 ἡμεῖς
1006 1893 1148 1946 ἰ’δμεν·
1188 1890 1311 1935 ἁλέσι
1340 1893 1417 1946 μὲν
1442 1893 1523 1947 γάρ

157 1966 239 2019 σφί
264 1962 357 2005 ἐστι
371 1959 620 2018 Ἀτάραντες
647 1959 821 2015 οὕνομα,
850 1961 911 2004 ἑνὶ
938 1962 983 2004 δὲ
1009 1960 1174 2016 ἑκάστῳ
1203 1957 1342 2003 αὐτῶν
1363 1957 1526 2014 οὕνομα

158 2029 280 2073 οὐδὲν
304 2033 458 2072 κέεται.
521 2022 642 2072 οὗτοι
672 2033 733 2085 τῷ
766 2027 872 2085 ἡλίῳ
900 2027 1215 2085 ὑπερβάλλοντι
1246 2030 1527 2083 καταρέονται

156 2099 230 2140 καὶ
260 2097 372 2155 πρὸς
407 2096 606 2140 τούτοισι
642 2097 786 2139 πάντα
822 2096 876 2139 τὰ
914 2094 1070 2153 αἰσχρὰ
1107 2096 1420 2151 λοιδορέονται,
1460 2091 1528 2138 ὅτι

159 2165 298 2223 σφέας
322 2169 455 2208 καίων
488 2164 721 2222 ἐπιτρίβει,
757 2162 914 2215 αὐτούς
945 2181 991 2206 τε
1020 2163 1124 2214 τοὺς
1157 2161 1425 2219 ἀνθρώπους
1455 2165 1527 2205 καὶ

158 2233 232 2290 τὴν
254 2233 396 2288 χώρην
424 2230 577 2275 αὐτῶν.
637 2231 747 2286 μετὰ
773 2232 819 2274 δὲ
845 2229 898 2274 δι’
916 2228 1057 2274 ἄλλων
1084 2232 1185 2273 δέκα
1210 2229 1401 2288 ἡμερέων
1423 2229 1527 2272 ὁδοῦ

160 2299 290 2351 ἄλλος
315 2298 504 2350 κολωνὸς
531 2297 634 2349 ἁλὸς
659 2301 730 2341 καὶ
756 2296 887 2354 ὕδωρ,
915 2300 987 2340 καὶ
1015 2297 1252 2352 ἅνθρωποι
1272 2299 1373 2354 περὶ
1400 2295 1528 2340 αὐτὸν

162 2369 366 2412 οἰκέουσι.
428 2366 568 2419 ἔχεται
601 2366 646 2408 δὲ
677 2370 752 2408 τοῦ
786 2364 889 2416 ἁλὸς
924 2365 1079 2408 τούτου
1113 2359 1240 2420 οὖρος
1270 2369 1330 2421 τῷ
1365 2362 1527 2418 οὔνομά

163 2433 428 2485 {ammaus-
457 2433 549 2476 ἔστι
571 2433 616 2476 δὲ
637 2431 801 2476 στεινὸν
820 2434 892 2475 καὶ
912 2433 1158 2487 κυκλοτερὲς
1178 2432 1331 2489 πάντῃ,
1359 2431 1528 2489 ὑψηλὸν

163 2505 210 2547 δὲ
236 2500 347 2546 οὕτω
376 2502 425 2558 δή
453 2518 495 2544 τι
519 2500 687 2557 λέγεται
713 2498 772 2551 ὠς
796 2499 873 2551 τὰς
897 2499 1091 2557 κορυφὰς
1117 2498 1250 2542 αἰτοῦ
1277 2497 1354 2542 οὐκ
1386 2499 1458 2543 οἷά
1482 2516 1527 2543 τε

165 2569 275 2616 εἶναι
313 2570 511 2613 ἰδέσθαι·
556 2567 755 2611 οὐδέκοτε
797 2566 878 2625 γὰρ
921 2566 1054 2618 αὐτὰς
1096 2564 1353 2611 ἀπολείπειν
1396 2572 1529 2625 νέφεα

166 2637 264 2683 οὕτε
294 2641 451 2694 θέρεος
482 2634 580 2680 οὕτε
608 2640 830 2690 χειμῶνος.
891 2639 1043 2678 τοῦτον
1074 2639 1195 2677 κίονα
1230 2640 1307 2678 τοῦ
1345 2633 1529 2691 οὐρανοῦ

166 2710 338 2763 λέγουσι
360 2705 401 2748 οἱ
420 2705 649 2760 ἐπιχώριοι
675 2701 797 2747 εἶναι.
848 2702 922 2746 ἐπὶ
941 2703 1096 2747 τούτου
1118 2706 1194 2746 τοῦ
1220 2700 1369 2760 οὔρεος
1389 2703 1431 2746 οἱ
1456 2701 1530 2746 ἄν·

167 2780 349 2832 θρωποι
364 2766 484 2817 οὗτοι
499 2772 721 2828 ἐπώνυμοι
737 2771 926 2828 ἐγένοντο
938 2784 946 2793 ·
968 2773 1191 2816 καλέονται
1210 2771 1290 2829 γὰρ
1301 2771 1527 2823 Ἄτλαντες.
