1794 3282
532 262 846 298 ΗΡΟΔΟΤΟΥ
876 264 917 298 Δ.
943 263 1089 298 93-95,
1410 251 1493 293 279

127 333 230 385 τοὺς
261 329 617 383 ἀθανατίζοντας.
682 331 724 374 οἱ
759 333 834 385 μὲν
870 330 950 387 γὰρ
990 331 1039 387 δη
1078 330 1151 374 τὸν
1183 325 1495 386 Σαλμυδησσὸν

129 401 294 454 ἔχοντες
322 399 496 456 Θρήικες
520 401 592 441 καὶ
616 397 725 455 ὑπὲρ
741 398 1027 455 Ἀπολλωνίης
1052 415 1098 442 τε
1122 401 1194 441 καὶ
1212 388 1493 452 Μεσαμβρίης

129 467 286 518 πόλιος
307 466 536 522 οἰκημένοι,
564 467 816 520 καλεόμενοι
838 467 883 509 δὲ
903 467 1175 522 Σκυρμιάδαι
1195 467 1265 508 καὶ
1284 471 1489 520 Νιψαῖοι,

129 533 319 591 ἀμαχητὶ
351 538 488 591 σφέας
520 531 676 585 αὐτοὺς
706 533 956 590 παρέδοσαν
982 538 1173 589 Δαρείῳ·
1214 533 1255 575 οἱ
1287 533 1333 576 δὲ
1362 536 1494 576 Γέται

129 602 241 658 πρὸς
255 600 557 658 ἀγνωμοσύνην
577 602 848 659 τραπόμενοι
868 599 1023 644 αὐτίκα
1037 600 1362 656 ἐδουλώθησαν,
1386 606 1495 657 Θρη-

130 675 231 713 ίκων
252 669 393 720 ἐόντες
408 667 725 725 ἀνδρηιώτατοι
745 670 815 712 καὶ
831 669 1114 712 δικαιότατοι.
1176 667 1495 720 ἀθανατίζουσι

131 739 178 781 δὲ
196 737 318 781 τόνδε
338 736 411 780 τὸν
424 737 607 792 τρόπον·
635 733 734 780 οὔτε
749 734 1046 792 ἀποθνήσκειν
1067 735 1253 787 ἑωυτοὺς
1271 735 1495 789 νομίζουσι

131 805 242 848 ι’έναι
265 821 312 848 τε
336 804 409 847 τὸν
436 803 733 859 ἀπολλύμενον
758 803 879 859 παρὰ
904 804 1119 858 Ζάλμοξιν
1144 803 1348 857 δαίμονα·
1382 802 1423 844 οἱ
1449 802 1496 844 δὲ

131 870 273 915 αὐτῶν
292 872 366 915 τὸν
386 870 514 914 αι’·τὸν
533 876 686 915 τοῦτον
707 869 995 925 οὗνομάζουσι
1015 870 1264 925 Γεβελέιζιν.
1303 869 1377 912 διὰ
1394 885 1496 912 πεν-

130 940 353 996 τετηρίδος
379 940 424 982 δὲ
448 939 522 982 τὸν
548 939 676 995 πάλῳ
703 940 888 992 λαχόντα
920 939 1005 981 αἰεὶ
1033 942 1178 995 σφέων
1210 936 1350 979 αὐτῶν
1383 933 1497 978 ἀπο-

131 1011 360 1061 πέμπουσι
386 1005 562 1062 ἄγγελον
588 1005 711 1061 παρὰ
735 1005 808 1049 τὸν
833 1007 1062 1059 Ζάλμοξιν,
1091 1004 1384 1058 ἐντελλόμενοι
1411 1007 1496 1045 τιῦν

131 1073 184 1117 ἂν
216 1074 420 1117 ἑκάστοτε
452 1074 647 1116 δέωνται.
703 1077 931 1127 πέμπουσι
963 1074 1009 1115 δὲ
1041 1066 1144 1115 ὦδε·
1183 1071 1225 1114 οἱ
1254 1071 1330 1125 μὲν
1355 1068 1497 1113 αὐτῶν

133 1145 363 1194 ταχθέντες
389 1139 566 1183 ἀκόντια
590 1144 690 1196 τρία
715 1140 873 1193 ἔχουσι,
903 1138 1028 1182 ἄλλοι
1054 1140 1100 1182 δὲ
1120 1138 1398 1192 διαλαβόντες
1421 1141 1496 1180 τοῦ

130 1207 510 1262 ἀποπεμπομένου
538 1207 661 1265 παρὰ
686 1207 760 1250 τὸν
784 1208 1000 1261 Ζάλμοξιν
1032 1206 1110 1258 τὰς
1131 1214 1279 1263 χεῖρας
1303 1208 1375 1248 καὶ
1398 1204 1498 1256 τοὺς

131 1277 292 1328 πόδας,
332 1273 662 1333 ἀνακινήσαντες
687 1273 817 1318 αὐτὸν
841 1278 1057 1330 μετέωρον
1089 1276 1319 1333 ῥιπτέουσι
1350 1273 1393 1324 ές
1422 1272 1500 1324 τὰς

130 1346 300 1401 λόγχας.
338 1341 387 1400 ἢν
411 1344 488 1398 μὲν
515 1342 565 1400 δὴ
593 1341 802 1399 ἀποθάνῃ
830 1341 1082 1398 ἀναπαρείς,
1109 1350 1227 1386 τοῖσι
1253 1342 1299 1384 δὲ
1324 1341 1439 1392 ἵλεος
1476 1338 1497 1383 ὃ

132 1411 242 1463 θεὸς
269 1412 407 1454 δοκέει
438 1409 567 1454 εἶναι·
604 1408 654 1466 ἢν
681 1410 726 1452 δὲ
750 1411 807 1466 μὴ
835 1407 1065 1466 ἀποθάνῃ,
1101 1409 1338 1452 αἰτιεῦνται
1370 1407 1499 1451 αὐτὸν

131 1479 207 1523 τὸν
228 1477 416 1535 ἄγγελον,
445 1478 634 1535 φάμενοί
652 1494 725 1532 μιν
746 1477 882 1534 ἄνδρα
900 1475 1028 1520 κακὸν
1049 1474 1170 1529 εἶναι,
1200 1476 1500 1532 αἰτιησάμενοι

134 1548 181 1590 δὲ
199 1551 351 1590 τοῦτον
372 1545 499 1588 ἄλλον
520 1543 854 1599 ἀποπέμπουσι.
895 1543 1161 1587 ἐντέλλονται
1181 1544 1227 1587 δὲ
1248 1543 1310 1586 ἔτι
1332 1544 1497 1596 ζώοντι.

134 1609 257 1657 οὗτοι
288 1613 330 1656 οἱ
361 1611 483 1656 αὐτοὶ
512 1613 687 1670 Θρήικες
716 1614 787 1655 καὶ
818 1611 930 1669 πρὸς
954 1612 1135 1668 βροντήν
1164 1628 1211 1654 τε
1242 1613 1313 1653 καὶ
1339 1609 1499 1667 ἀστρα-

135 1681 221 1738 πὴν
241 1681 486 1734 τοξεύοντες
506 1679 593 1723 ἄνω
615 1679 726 1736 πρὸς
744 1680 818 1723 τὸν
840 1678 1020 1736 οὗρανὸν
1041 1677 1295 1722 ἀπειλέουσι
1315 1683 1376 1735 τῴ
1390 1682 1497 1735 θεῷ,

136 1748 289 1792 οὐδένα
315 1746 443 1792 ἄλλον
468 1747 577 1791 θεὸν
602 1748 847 1802 νομίζοντες
879 1746 989 1790 εἶναι
1022 1746 1060 1790 εἰ
1089 1746 1146 1803 μη
1173 1745 1248 1790 τὸν
1275 1746 1497 1803 σφέτερον.

137 1815 196 1868 ὥς
222 1818 268 1860 δὲ
294 1815 375 1872 ἐγὼ
407 1817 692 1870 πυνθάνομαι
722 1820 807 1858 τιῦν
837 1814 910 1858 τὸν
931 1813 1242 1871 Ἑλλήσποντον
1274 1814 1500 1857 οἰκεόντων

130 1883 338 1941 Ἑλλήνιον
362 1886 433 1926 καὶ
458 1884 635 1935 Πόντον,
662 1882 737 1926 τὸν
755 1884 971 1937 Ζάλμοξιν
996 1886 1149 1925 τοῦτον
1176 1881 1301 1925 ἐόντα
1327 1880 1502 1939 ἀνθρω-

136 1969 221 1995 πον
258 1953 490 1995 δουλεῦσαι
528 1951 569 1994 ἓν
605 1952 759 2007 Σάμῳ,
806 1952 1038 1994 δουλεῦσαι
1081 1950 1127 1992 δὲ
1163 1950 1402 2006 Πυθαγόρῃ
1440 1952 1500 2004 τῷ

141 2020 413 2076 Μνησάρχου·
440 2018 640 2062 ἐνθεῦτεν
668 2019 715 2061 δὲ
740 2016 871 2061 αὐτὸν
895 2018 1120 2073 γενόμενον
1147 2016 1377 2072 ἐλεύθερον
1400 2017 1503 2073 χρή-

135 2104 254 2142 ματα
284 2087 536 2144 κτήσασθαι
568 2087 718 2140 συχνά,
752 2086 1016 2142 κτησάμενον
1042 2085 1089 2128 δὲ
1115 2082 1329 2128 ἀπελθεῖν
1361 2083 1405 2135 ἐς
1428 2083 1502 2140 τὴν

137 2154 321 2198 ἑωυτοῦ·
359 2152 435 2198 ἅτε
473 2155 520 2198 δὲ
555 2158 768 2209 κακοβίων
806 2170 852 2196 τε
889 2152 1045 2196 ἐόντων
1081 2156 1166 2195 τιῦν
1206 2156 1396 2209 Θρηίκων
1431 2155 1504 2194 καὶ

138 2221 542 2279 ὑπαφρονεστέρων,
569 2222 644 2265 τὸν
662 2223 879 2276 Ζάλμοξιν
903 2225 1056 2265 τοῦτον
1077 2219 1363 2274 ἐπιστάμενον
1391 2220 1506 2262 δίαι-

139 2290 218 2332 τάν
247 2306 293 2332 τε
321 2287 436 2332 Ἰάδα
465 2292 537 2332 καὶ
569 2287 685 2345 ἤθεα
720 2290 948 2345 βαθύτερα
984 2286 1010 2344 ἢ
1047 2286 1157 2330 κατὰ
1191 2287 1391 2342 Θρήικας,
1432 2285 1505 2329 οἶα

130 2354 306 2413 Ἕλλησί
335 2373 380 2399 τε
411 2355 678 2412 ὁμιλήσαντα
702 2358 773 2398 καὶ
794 2353 1000 2411 Ἑλλήνων
1033 2353 1080 2397 οὗ
1107 2358 1167 2410 τῷ
1195 2351 1503 2410 ἀσθενεστάτῳ

141 2428 331 2482 σοφιστῇ
357 2424 617 2480 Πυθαγόρῃ,
650 2424 1068 2466 κατασκευάσασθαι
1093 2419 1330 2477 ἀνδρεῶνα,
1364 2420 1407 2472 ἐς
1431 2421 1505 2465 τὸν

142 2492 463 2536 πανδοκεύοντα
492 2495 578 2534 τιῦν
616 2490 758 2534 ἀστῶν
795 2490 898 2541 τοὺς
933 2490 1136 2546 πρώτους
1166 2490 1236 2531 καὶ
1268 2483 1505 2542 εὐτυχέοντα

143 2559 446 2603 ἀναδιδάσκειν
472 2557 531 2610 ὥς
557 2556 656 2602 οὕτε
677 2556 808 2609 αὐτὸς
827 2555 925 2601 οὕτε
946 2557 988 2600 οἱ
1008 2557 1232 2611 συμπόται
1252 2554 1386 2599 αὐτοῦ
1408 2555 1505 2600 οὕτε

143 2628 187 2671 οἱ
213 2627 257 2670 ἐκ
280 2627 444 2670 τούτων
470 2627 556 2669 αἰεὶ
580 2627 797 2682 γινόμενοι
817 2624 1156 2675 ἀποθανέονται,
1185 2622 1274 2666 ἀλλ’
1292 2621 1444 2680 ἥξουσι
1463 2624 1506 2676 ἒς

140 2700 281 2752 χῶρον
306 2699 458 2738 τοῦτον
476 2694 548 2737 ἵνα
567 2693 653 2736 αἰεὶ
672 2693 917 2748 περιεόντες
938 2692 1082 2745 ἕξουσι
1101 2690 1156 2734 τὰ
1176 2692 1320 2735 πάντα
1339 2690 1503 2747 ἀγαθά.

145 2763 188 2806 ἐν
208 2757 241 2820 ᾦ
264 2763 310 2806 δὲ
330 2762 475 2806 ἐποίεε
494 2761 549 2806 τὰ
568 2762 887 2814 καταλεχθέντα
906 2762 975 2803 καὶ
993 2760 1107 2815 ἔλεγε
1125 2763 1274 2811 ταῦτα,
1304 2759 1346 2802 ἐν
1365 2761 1505 2817 τούτῳ

1519 682 1550 705 94

1525 1826 1558 1852 95
