1794 3282
513 273 827 309 ΗΡΟΔΟΤΟΥ
857 273 898 306 Δ.
925 272 978 307 98.
1004 271 1060 306 99.
1385 263 1468 305 281

104 345 290 393 καλέσας
327 342 370 394 ἒς
412 342 566 399 λόγους
600 341 702 393 τοὺς
734 341 885 386 Ἰώνων
922 341 1154 398 τυράννους
1197 341 1311 398 ἔλεγε
1347 341 1466 384 τάδε.

100 409 286 467 αἄνδρες
307 407 465 463 Ἴωνες,
504 408 528 467 ἡ
559 411 635 464 μὲν
666 410 877 465 πρότερον
906 410 1051 465 γνώμη
1086 406 1388 462 ἀποδεχθεῖσα
1426 407 1468 459 ἒς

103 477 179 534 τὴν
203 481 395 536 γέφυραν
419 481 641 532 μετείσθω
667 494 761 532 μοι,
797 476 960 530 ἔχοντες
986 477 1032 519 δὲ
1057 476 1130 520 τὸν
1163 477 1318 531 ἱμάντα
1342 476 1467 519 τόνδε

105 549 277 590 ποιέετε
308 546 433 589 τάδε’
471 545 602 588 ἐπεάν
625 561 679 599 με
710 544 829 601 ἰ’δητε
858 545 1041 597 τάχιστα
1071 545 1362 601 πορευόμενον
1395 543 1469 587 ἐπὶ

104 614 300 665 Σκύθας,
335 611 424 656 ἀπὸ
450 613 606 656 τούτου
640 610 872 667 ἀρξάμενοι
902 615 977 654 τοῦ
1005 612 1160 668 χρόνου
1193 612 1314 656 λύετε
1345 609 1467 666 ἅμμα

106 683 148 723 ἓν
175 680 355 737 ἑκάστης
380 678 557 738 ἡμέρης·
590 677 638 737 ἢν
665 680 710 722 δὲ
736 678 777 722 ἓν
802 679 942 735 τούτῳ
968 683 1028 735 τῷ
1057 680 1195 735 χρόνῳ
1228 678 1284 736 μὴ
1316 683 1466 736 παρέω

107 747 216 791 ἀλλὰ
237 748 496 801 διεξέλθωσι
510 746 608 802 ὑμῖν
622 747 667 789 αἱ
682 744 836 803 ἡμέραι
855 751 940 789 τῶν
960 745 1181 801 ἁμμάτων,
1206 744 1466 790 ἆποπλώετε

106 815 149 868 ἐς
167 815 240 873 τὴν
255 814 459 873 ὑμετέρην
475 813 628 858 αὐτῶν.
660 814 783 872 μέχρι
805 815 849 857 δὲ
868 814 1037 866 τούτου,
1061 814 1204 858 ἐπείτε
1221 812 1331 858 οὕτω
1346 814 1470 869 μετέ-

107 885 216 937 δοξε,
245 885 489 941 φυλάσσετε
508 881 581 938 τὴν
603 882 784 937 σχεδίην,
814 886 959 925 πᾶσαν
977 886 1230 939 προθυμίην
1256 886 1470 938 σωτηρίης

105 968 152 995 τε
182 954 254 994 καὶ
285 953 479 1008 φυλακῆς
510 950 812 1004 παρεχόμενοι.
867 954 1004 992 ταῦτα
1035 950 1081 992 δὲ
1111 953 1335 1000 ποιεῦντες
1373 948 1470 1003 ἐμοὶ

105 1019 303 1075 μεγάλως
336 1015 610 1074 χαριέεσθε.”
670 1025 852 1073 Δαρεῖος
888 1018 964 1071 μὲν
1001 1022 1137 1060 ταῦτα
1174 1017 1301 1068 ε’ίπας
1340 1015 1382 1067 ἒς
1418 1015 1467 1059 τὸ

107 1087 260 1143 πρόσω
287 1084 503 1142 ἠπείγετο,

196 1157 276 1208 Τῆς
303 1154 349 1195 δὲ
372 1156 590 1208 Σκυθικῆς
614 1155 689 1207 γῆς
715 1149 737 1207 ἡ
768 1155 921 1208 Θρηίκη
948 1151 997 1195 τὸ
1026 1151 1068 1202 ἒς
1092 1151 1326 1194 θάλασσαν
1358 1167 1468 1207 προ-

105 1219 268 1264 κέεται·
304 1221 470 1263 κόλπου
504 1220 549 1261 δὲ
575 1216 784 1274 ἀγομένου
811 1223 885 1275 τῆς
911 1223 986 1275 γῆς
1015 1219 1190 1275 ταύτης,
1227 1217 1249 1276 ἡ
1274 1220 1469 1275 Σκυθική

105 1304 151 1331 τε
177 1286 392 1331 ἐκδέκεται
421 1289 493 1330 καὶ
525 1285 728 1343 δ”Ιστρος
760 1285 925 1330 ἐκδιδοῖ
955 1285 998 1337 ἐς
1029 1284 1171 1343 αῦτήν,
1205 1286 1317 1344 πρὸς
1348 1281 1471 1342 εὖρον

108 1353 262 1409 ἄνεμον
286 1353 336 1398 τὸ
364 1356 505 1410 στόμα
528 1358 828 1410 τετραμμένος.
866 1353 915 1398 τὸ
938 1355 984 1397 δὲ
1004 1352 1270 1410 ἇπὸἼστρου
1292 1354 1471 1413 ἔρχομαι

110 1426 331 1479 σημανέων
356 1421 404 1465 τὸ
431 1421 543 1479 πρὸς
568 1422 800 1465 θάλασσαν
826 1420 958 1478 αὐτῆς
987 1426 1063 1477 τῆς
1087 1426 1305 1480 Σκυθικῆς
1326 1424 1470 1478 χώρης

110 1489 152 1542 ἒς
176 1494 392 1547 μέτρησιν.
432 1487 520 1532 ἀπὸ
538 1486 704 1546 Ἴστρου
732 1486 837 1545 αὕτη
864 1487 943 1546 ἤδη
971 1487 1124 1546 ἀρχαίη
1144 1491 1338 1546 Σκυθική
1364 1490 1467 1542 ἔστι,

109 1557 222 1614 πρὸς
257 1560 527 1614 μεσαμβρίην
568 1573 615 1600 τε
652 1559 722 1600 καὶ
759 1558 882 1601 νότον
919 1555 1074 1611 ἄνεμον
1115 1557 1303 1614 κειμένη,
1347 1562 1471 1614 μέχρι

110 1626 266 1677 πόλιος
291 1627 547 1680 καλεομένης
571 1625 885 1681 Καρκινίτιδος.
940 1624 989 1668 τὸ
1019 1626 1063 1668 δὲ
1090 1622 1179 1668 άπὸ
1209 1629 1367 1682 ταύτης
1396 1625 1470 1681 τὴν

109 1694 186 1748 μὲν
217 1693 291 1736 ἐπὶ
322 1693 556 1736 θάλασσαν
586 1691 660 1748 τὴν
693 1690 823 1749 αὐτὴν
854 1696 1084 1750 φέρουσαν,
1120 1692 1274 1736 ἐοῦσαν
1307 1690 1472 1749 ὀρεινήν

110 1777 156 1804 τε
178 1761 321 1817 χώρην
345 1762 416 1803 καὶ
441 1764 722 1817 προκειμένην
746 1759 796 1804 τὸ
824 1760 866 1812 ἐς
890 1761 1065 1812 Πόντον,
1093 1760 1266 1815 νέμεται
1290 1760 1339 1804 τὸ
1364 1767 1473 1804 Ταυ-

111 1827 229 1885 ρικὸν
262 1828 390 1879 ἔθνος
419 1827 543 1883 μέχρι
575 1829 836 1886 χερσονήσου
875 1832 949 1884 τῆς
984 1826 1160 1885 τρηχέης
1195 1830 1472 1885 καλεομένης·

110 1894 218 1952 αὕτη
241 1896 286 1938 δὲ
307 1894 349 1946 ἒς
368 1896 601 1938 θάλασσαν
620 1895 694 1952 τὴν
713 1895 825 1953 πρὸς
845 1894 1096 1953 ἀπηλιώτην
1111 1894 1266 1949 ἄνεμον
1285 1897 1472 1952 κατήκει.

113 1964 205 2007 ἔστι
228 1962 308 2019 γὰρ
333 1967 409 2018 τῆς
432 1967 650 2020 Σκυθικῆς
679 1963 734 2007 τὰ
767 1964 842 2006 δύο
874 1968 1008 2020 μέρεα
1037 1967 1123 2006 τῶν
1150 1961 1286 2019 οῖ”ρων
1318 1963 1362 2015 ἒς
1386 1965 1474 2006 θά-

111 2033 276 2074 λασσαν
302 2033 507 2086 φέροντα,
540 2031 614 2087 τήν
644 2047 689 2074 τε
715 2030 827 2087 πρὸς
855 2034 1126 2088 μεσαμβρίην
1156 2033 1225 2074 καὶ
1257 2030 1331 2088 τὴν
1363 2031 1476 2088 πρὸς

111 2096 188 2154 ἠῶ,
215 2098 409 2153 κατάπερ
435 2102 510 2154 τῆς
529 2096 716 2156 ᾍττικῆς
737 2099 896 2155 χώρης,
930 2101 1002 2142 καὶ
1026 2099 1316 2155 παραπλήσια
1339 2100 1473 2156 ταύτῃ

111 2167 183 2209 καὶ
209 2165 251 2209 οἱ
280 2170 438 2222 Ταῦροι
462 2170 661 2220 νέμονται
685 2170 760 2223 τῆς
784 2170 1020 2223 Σκυθικῆς,
1049 2164 1108 2217 ὥς
1134 2166 1172 2210 εἰ
1195 2171 1270 2223 τῆς
1290 2165 1476 2223 Άττικῆς

113 2232 218 2276 ἄλλο
256 2233 385 2285 ἔθνος
421 2235 492 2277 καὶ
522 2233 579 2290 μὴ
607 2233 832 2291 Ἀθηναῖοι
867 2238 1070 2288 νεμοίατο
1106 2233 1180 2277 τὸν
1215 2234 1366 2290 γουνὸν
1403 2234 1476 2277 τὸν

112 2301 360 2351 Σουνιακόν,
386 2302 548 2354 μᾶλλον
569 2301 611 2352 ἐς
628 2301 703 2345 τὸν
728 2302 888 2345 πόντον
913 2301 987 2358 τὴν
1007 2300 1137 2357 ἄκρην
1158 2299 1374 2354 ἀνέχοντα,
1401 2301 1474 2344 τὸν

114 2367 204 2411 ἀπὸ
233 2371 409 2425 Θορικοῦ
435 2371 560 2425 μέχρι
576 2366 864 2425 Ἀναφλύστου
892 2369 1042 2424 δήμου.
1081 2370 1188 2424 λέγω
1217 2369 1262 2411 δὲ
1289 2366 1348 2419 ὠς
1367 2366 1476 2411 εἶναι

113 2440 250 2479 ταῦτα
281 2433 439 2491 σμικρὰ
469 2435 697 2490 μεγάλοισι
730 2437 977 2490 συμβαλεῖν.
1032 2439 1204 2479 τοιοῦτο
1236 2433 1261 2492 ἡ
1291 2437 1474 2492 Ταυρική

116 2503 221 2547 ἔστι.
271 2502 318 2554 ὃς
343 2503 389 2545 δὲ
413 2506 488 2558 τῆς
503 2500 689 2559 Ἀττικῆς
713 2507 849 2545 ταῦτα
872 2502 929 2559 μὴ
956 2505 1295 2557 παραπέπλωκε,
1326 2502 1407 2559 {yth
1430 2504 1476 2546 δὲ

115 2569 256 2621 ἄλλως
288 2570 490 2626 δηλώσω·
530 2567 588 2621 ὥς
619 2570 657 2613 εἰ
686 2574 761 2627 τῆς
781 2568 996 2627 Ἰηπυγίης
1021 2568 1125 2613 ἄλλο
1157 2570 1286 2622 ἔθνος
1316 2573 1388 2614 καὶ
1418 2570 1476 2628 μὴ

111 2636 303 2695 Ἰήπυγες
335 2635 567 2694 ἀρξάμενοι
599 2637 643 2680 ἐκ
672 2642 928 2695 Βρεντεσίου
961 2639 1132 2692 λιμένος
1169 2636 1475 2692 ἀποταμοίατο

116 2711 240 2763 μέχρι
269 2705 484 2762 Τάραντος
513 2707 584 2748 καὶ
614 2709 817 2759 νεμοίατο
848 2704 921 2762 τὴν
953 2703 1095 2762 ἄκρην.
1157 2707 1234 2749 δύο
1267 2707 1314 2749 δὲ
1344 2707 1477 2762 λέγων

117 2778 254 2818 ταῦτα
274 2772 415 2816 πολλὰ
430 2773 538 2828 λέγω
554 2774 793 2830 παρόμοια,
814 2781 932 2816 τοῖσι
946 2770 1117 2817 ἄλλοισι
1132 2771 1258 2831 οἷκεὴ
1278 2774 1476 2830 Ταυρική.

1494 1164 1528 1189 99
