1794 3282
560 247 874 284 ΗΡΟΔΟΤΟΥ
902 248 942 282 Γ.
967 247 1116 283 47-49,
1440 237 1523 277 197

155 317 498 372 Λακεδαιμόνιοι
525 315 598 360 ἐπὶ
623 317 783 371 Σάμον,
813 315 872 368 ιῦς
895 317 971 372 μὲν
996 317 1155 371 Σάμιοι
1183 317 1374 372 λέγουσι,
1403 312 1522 370 εὐερ-

153 390 301 443 γεσίας
327 384 576 435 ἐκτίνοντες,
612 382 680 428 ὅτι
706 401 788 441 σφι
812 385 1022 441 πρότεροι
1048 383 1172 427 αὐτοὶ
1197 385 1321 439 νηυσὶ
1347 382 1520 438 ἒβώθη-

157 469 234 497 σαν
266 452 341 495 ἐπὶ
364 456 653 508 Μεσσηνίους·
692 450 751 503 ιῦς
778 453 824 495 δὲ
848 452 1190 506 Λακεδαιμόνιοι
1221 452 1411 507 λέγουσι,
1446 447 1523 492 οῦκ

129 517 270 579 ίοὕτω
309 523 557 577 τιμωρῆσαι
595 520 839 573 δεομένοισι
874 524 1084 574 Σαμίοισι
1121 518 1426 576 ἐστρατεύοντο
1466 515 1527 568 ὡς

156 591 373 630 τίσασθαι
397 587 655 641 βουλόμενοι
679 591 755 630 τοῦ
782 592 989 644 κρητῆρος
1013 591 1087 643 τῆς
1113 585 1310 643 ἁρπαγῆς
1329 584 1402 629 τὸν
1422 579 1524 641 ἦγον

159 658 352 711 Κροίσῳ,
386 656 458 697 καὶ
482 659 557 697 τοῦ
584 654 806 712 θώρηκος,
839 654 913 697 τὸν
946 652 1119 698 αὐτοῖσι
1141 652 1316 708 Ἄμασις
1343 651 1364 696 ὁ
1390 652 1526 708 Αἰγύ-

160 739 273 765 πτου
311 720 516 776 βασιλεὺς
553 721 726 777 ἔπεμψε
760 723 912 778 διῦρον.
973 724 1045 764 καὶ
1080 720 1160 777 γὰρ
1198 722 1381 777 θώρηκα
1413 719 1527 776 ἐληί-

162 806 292 832 σαντο
318 793 378 845 τῴ
405 793 604 846 προτέρῳ
639 789 726 831 ἔτεϊ
750 787 775 844 ἢ
800 788 873 832 τὸν
903 793 1092 845 κρητῆρα
1119 789 1160 831 οἱ
1184 789 1365 842 Σάμιοι,
1401 787 1527 830 ε’όντα

160 857 236 910 μὲν
262 858 398 899 λίνεον
423 858 495 898 καὶ
521 857 641 911 ζῴων
667 855 973 913 ἐνυφασμένων
1005 861 1180 908 συχνῶν,
1213 859 1528 910 κεκοσμημένον

163 925 209 967 δὲ
242 927 386 979 χρυσῷ
423 925 495 965 καὶ
525 922 701 977 εἰρίοισι
734 921 822 965 ἀπὸ
857 924 1005 974 ξύλου·
1043 927 1129 965 τιῦν
1169 923 1215 964 δὲ
1247 922 1400 964 εἵνεκεν
1434 926 1529 963 θω-

159 991 300 1045 μάσαι
321 988 453 1042 ἄξιον,
477 987 694 1045 ἁρπεδόνη
713 989 869 1046 ἑκάστη
884 994 960 1033 τοῦ
980 990 1185 1047 θώρηκος
1205 992 1367 1032 ποιέει·
1396 987 1528 1031 ἐοῦσα

159 1057 240 1115 γὰρ
266 1056 399 1114 λεπτὴ
428 1056 513 1110 ἔχει
539 1054 785 1112 ἁρπεδόνας
817 1057 859 1100 ἒν
885 1057 1023 1114 ἑωυτῇ
1056 1060 1306 1114 τριηκοσίας
1336 1057 1407 1098 καὶ
1434 1055 1528 1111 ἑξη-

159 1142 306 1178 κοντα,
340 1125 488 1176 πάσας
513 1125 716 1181 φανεράς.
777 1129 975 1176 τοιοῦτος
1002 1124 1145 1181 ἕτερός
1172 1123 1264 1167 ἐστι
1289 1125 1360 1166 καὶ
1385 1122 1458 1166 τὸν
1486 1123 1527 1166 ἐν

158 1193 304 1249 Λίνδῳ
332 1191 516 1248 ἀνέθηκε
541 1196 591 1249 τῇ
613 1190 817 1250 Ἀθηναίῃ
841 1190 1029 1247 Ἄμασις.

244 1261 595 1314 Συνεπελάβοντο
629 1260 676 1302 δὲ
706 1265 781 1303 τοῦ
817 1261 1140 1314 στρατεύματος
1170 1263 1246 1302 τοῦ
1281 1258 1355 1303 ἐπὶ
1380 1259 1527 1313 Σάμον

160 1326 270 1372 ὥστε
290 1327 497 1384 γενέσθαι
516 1329 587 1370 καὶ
606 1332 840 1385 Κορίνθιοι
860 1328 1125 1385 προθύμως·
1152 1325 1343 1385 ὕβρισμα
1361 1326 1442 1383 γὰρ
1457 1329 1528 1369 καὶ

159 1395 202 1447 ἒς
237 1396 416 1446 τούτους
453 1393 537 1449 εἶχε
570 1395 613 1438 ἐκ
644 1400 729 1439 τιῦν
760 1399 937 1450 Σαμίων
967 1396 1193 1451 γενόμενον
1230 1399 1374 1452 τρίτῃ
1406 1399 1526 1452 γενεῇ

158 1464 371 1520 πρότερον
401 1467 477 1506 τοῦ
511 1463 832 1520 στρατεύματος
865 1463 1022 1506 τούτου
1059 1462 1187 1520 [κατὰ
1219 1463 1265 1506 δὲ
1295 1462 1370 1506 τὸν
1397 1461 1527 1506 αῦτὸν

156 1531 308 1587 χρόνον
339 1535 414 1574 τοῦ
446 1535 653 1588 κρητῆρος
684 1535 734 1587 τῇ
767 1528 944 1587 ἁρπαγῇ
975 1530 1184 1587 γεγονός]
1252 1535 1528 1587 Κερκυραίων

160 1598 240 1655 γὰρ
267 1599 431 1649 παῖδας
455 1602 727 1655 τριηκοσίους
754 1596 920 1654 ἀνδρῶν
945 1603 1029 1641 τιῦν
1055 1599 1243 1655 πρώτων
1262 1599 1528 1655 Περίανδρος

162 1665 184 1709 ὁ
216 1667 420 1722 Κυψέλου
455 1666 498 1717 ἐς
528 1666 690 1722 Σάρδις
723 1663 963 1721 ἀπέπεμψε
994 1664 1335 1723 παρ’ᾍλυάττην
1368 1664 1439 1709 ἐπ)
1464 1665 1529 1708 ἕκ-

161 1738 293 1790 τομῇ·
332 1733 640 1790 προσσχόντων
673 1733 719 1775 δὲ
746 1733 788 1783 ἐς
811 1732 885 1790 τὴν
910 1734 1058 1788 Σάμον
1089 1738 1174 1777 τιῦν
1207 1732 1397 1788 ἀγόντων
1429 1732 1530 1783 τοὺς

162 1803 328 1853 παῖδας
359 1805 621 1859 Κορινθίων,
654 1801 905 1855 πυθόμενοι
937 1802 979 1844 οἱ
1003 1802 1167 1856 Σάμιοι
1198 1800 1271 1844 τὸν
1301 1801 1427 1857 λόγον
1460 1799 1525 1843 ἐπ’

164 1868 254 1913 οἶσι
281 1868 460 1925 ἀγοίατο
488 1868 530 1920 ἐς
548 1869 721 1923 Σάρδις,
750 1873 906 1924 πρώτα
926 1870 1003 1923 μὲν
1022 1868 1124 1920 τοὺς
1144 1869 1309 1919 παῖδας
1329 1868 1530 1920 ἐδίδαξαν

165 1937 260 1992 ἱροῦ
288 1935 500 1992 ἅψασθαι
521 1934 777 1993 Ἀρτέμιδος,
804 1935 913 1990 μετὰ
934 1937 979 1979 δὲ
999 1934 1047 1979 οὗ
1069 1939 1369 1993 περιορέοντες
1396 1935 1531 1979 ἀπέλ-

164 2021 250 2048 κειν
269 2003 369 2056 τοὺς
390 2004 530 2055 ἱκέτας
550 2003 593 2046 ἐκ
616 2008 693 2046 τοῦ
715 2003 820 2059 ἱροῦ,
850 2008 999 2047 σιτίων
1021 2004 1067 2047 δὲ
1085 2003 1187 2054 τοὺς
1206 2004 1372 2054 παῖδας
1387 2003 1531 2059 ἐργόν-

163 2089 248 2116 των
273 2075 534 2130 Κορινθίων,
569 2071 829 2127 ἐποιήσαντο
857 2071 899 2114 οἱ
923 2072 1086 2127 Σάμιοι
1113 2069 1252 2129 ὁρτήν,
1285 2076 1336 2128 τῇ
1362 2073 1433 2114 καὶ
1461 2075 1531 2114 νῦν

166 2140 227 2184 ἔτι
251 2144 448 2197 χρέονται
472 2139 581 2182 κατὰ
604 2137 762 2182 ταῦτά·
794 2139 943 2191 νυκτὸς
966 2139 1046 2196 γὰρ
1074 2138 1394 2195 ἐπιγενομένης,
1429 2136 1533 2182 ὅσον

164 2209 315 2266 χρόνον
342 2208 527 2250 ἱκέτευον
553 2207 595 2250 οἱ
620 2207 796 2260 παῖδες,
829 2208 1012 2251 ἵστασαν
1034 2206 1193 2265 χοροὺς
1223 2211 1459 2262 παρθένων
1484 2223 1529 2249 τε

166 2277 238 2318 καὶ
263 2272 440 2331 ἠιθέων,
471 2274 665 2326 ἱστάντες
691 2275 736 2317 δὲ
764 2273 862 2326 τοὺς
884 2273 1041 2332 χοροὺς
1065 2273 1236 2332 τρωκτὰ
1261 2274 1459 2329 σησάμου
1486 2291 1531 2317 τε

168 2344 238 2385 καὶ
263 2341 436 2396 μέλιτος
457 2341 718 2397 ἐποιήσαντο
744 2342 874 2396 νόμον
905 2345 1138 2398 φέρεσθαι,
1166 2342 1237 2384 ἵνα
1264 2339 1532 2397 ἁρπάζοντες

171 2410 212 2453 οἶ
242 2414 327 2452 τιῦν
357 2413 630 2466 Κερκυραίων
660 2410 817 2460 παῖδες
849 2409 983 2462 ἔχοιεν
1013 2408 1190 2466 τροφήν.
1253 2408 1295 2459 ἐς
1325 2413 1454 2450 τοῦτο
1488 2410 1534 2451 δὲ

170 2477 269 2520 τόδε
296 2476 472 2532 ἐγίνετο,
513 2475 554 2527 ἒς
587 2476 608 2518 ὃ
637 2476 679 2518 οἱ
702 2480 937 2533 Κορίνθιοι
961 2481 1046 2519 τῶν
1074 2477 1245 2519 παίδων
1272 2476 1313 2518 οἱ
1345 2476 1534 2533 φύλακοι

172 2545 340 2598 οἴχοντο
367 2542 678 2594 ἀπολιπόντες·
716 2542 819 2594 τοὺς
845 2543 891 2586 δὲ
917 2544 1081 2594 παῖδας
1107 2541 1330 2599 ἀπήγαγον
1357 2543 1400 2595 ἒς
1424 2543 1533 2601 Κέρ-

171 2630 300 2670 κυραν
332 2612 373 2655 οἱ
397 2613 572 2666 Σάμιοι.
634 2611 671 2654 εἰ
701 2615 777 2665 μέν
807 2629 878 2654 νυν
902 2611 1170 2668 Περιάνδρου
1202 2611 1533 2668 τελευτήσαντος

172 2689 289 2724 τοῖσι
314 2684 594 2737 Κορινθίοισι
621 2681 729 2736 φίλα
753 2672 801 2735 ἦν
826 2678 937 2734 πρὸς
961 2677 1063 2730 τοὺς
1088 2683 1391 2736 Κερκυραίους,
1421 2679 1462 2722 οἱ
1489 2680 1534 2722 δὲ

174 2747 250 2792 οῦκ
286 2747 337 2792 ἂν
375 2748 657 2803 συνελάβοντο
693 2751 769 2790 τοῦ
808 2747 1128 2804 στρατεύ,ιιατος
1163 2751 1239 2790 τοῦ
1282 2746 1355 2790 ἐπὶ
1387 2746 1534 2802 Σάμον

1552 1273 1586 1298 48

1557 2626 1592 2650 49
