1794 3282
520 263 833 299 HPOAOTOY
865 264 906 298 Δ.
933 263 1122 299 169-172.
1421 252 1502 295 307

149 336 320 379 Πλατέα
346 336 472 388 νῆσος
499 331 735 384 ἐπικέεται,
774 330 848 388 τὴν
875 331 1043 375 ἔκτισαν
1068 339 1321 389 Κυρηναῖοι,
1360 333 1432 374 καὶ
1464 331 1506 375 ἓν

149 406 196 459 τῇ
222 398 389 456 ἠπείρῳ
410 400 645 451 Μενελάϊος
670 400 796 456 λιμήν
822 399 915 443 ἔστι
933 402 1004 443 καὶ
1020 399 1184 457 Ἄζιρις,
1210 398 1285 456 τὴν
1305 398 1346 442 οἱ
1365 405 1507 456 Κυρη-

147 477 260 511 ναῖοι
281 467 439 511 οἴκεον·
464 469 534 510 καὶ
556 466 605 510 τὸ
622 469 795 524 σίλφιον
810 465 984 525 ἄρχεται
999 465 1088 511 ἀπὸ
1111 467 1280 510 τούτου.
1319 466 1506 523 παρήκει

148 537 193 579 δὲ
224 533 314 579 ἀπὸ
341 534 534 591 Πλατέης
565 535 694 591 νήσου
726 534 849 591 μέχρι
879 539 955 578 τοῦ
989 535 1204 589 στόματος
1227 539 1302 590 τῆς
1326 534 1508 591 Σύρτιος

145 606 194 647 τὸ
235 605 422 659 σίλφιον.
482 602 655 656 νόμοισι
688 603 734 645 δὲ
766 606 965 658 χρέονται
997 596 1117 646 οὗτοι
1155 604 1509 658 παραπλησίοισι

146 680 263 714 τοῖσι
289 669 488 727 ἑτέροισι.
525 671 827 725 Γιλιγαμμέων
854 671 898 713 δὲ
925 670 1091 724 ἔχονται
1117 669 1165 713 τὸ
1193 668 1304 727 πρὸς
1324 669 1509 726 ἑσπέρης

142 736 361 792 Ασβύται·
395 731 514 780 οὗτοι
539 736 589 781 τὸ
616 735 724 794 ὑπὲρ
750 738 943 795 Κυρήνης
969 738 1170 781 οἰκέουσι.
1233 737 1306 780 ἐπὶ
1337 734 1510 780 θάλασ-

149 822 227 849 σαν
260 805 305 848 δὲ
338 803 385 847 οὗ
418 805 650 861 κατήκουσι
676 803 896 859 Άσβύται·
933 804 983 848 τὸ
1014 805 1094 861 γὰρ
1126 804 1247 860 παρὰ
1278 805 1510 848 θάλασσαν

146 880 384 930 Κυρηναῖοι
408 876 620 927 νέμονται.
663 873 1024 928 τεθριπποβάται
1051 873 1097 915 δὲ
1124 871 1197 916 σι’-κ
1222 870 1375 929 ἥκιστα
1402 870 1510 915 ἀλλὰ

147 942 338 995 μάλιστα
369 941 548 994 Λιβύων
585 940 688 991 εἰσί,
727 940 884 993 νόμους
922 941 966 982 δὲ
1002 939 1103 991 τοὺς
1139 942 1326 991 πλεῦνας
1361 939 1511 994 μιμέε-

149 1013 261 1052 σθαι
280 1007 587 1065 ἐπιτηδεύουσι
606 1006 708 1057 τοὺς
721 1012 985 1063 Κυρηναίων.
1019 1006 1254 1062 Άσβυτέων
1275 1008 1321 1051 δὲ
1343 1007 1509 1061 ἔχονται

147 1076 196 1119 τὸ
223 1075 334 1131 πρὸς
361 1074 548 1131 ἑσπέρης
571 1072 809 1127 Αὐσχίσαι·
837 1069 957 1118 οὗτοι
982 1074 1091 1130 ὑπὲρ
1111 1076 1281 1133 Βάρκης
1307 1075 1508 1127 οἰκέουσι,

147 1144 400 1199 κατήκοντες
425 1141 498 1185 ἐπὶ
524 1142 758 1184 θάλασσαν
789 1141 876 1184 κατ’
893 1140 1207 1199 Εὐεσπερίδας.
1261 1141 1511 1195 Αὐσχισέων

150 1212 195 1254 δὲ
220 1209 329 1253 κατὰ
354 1213 486 1264 μέσον
504 1213 579 1265 τῆς
594 1209 737 1265 χώρης
757 1209 947 1252 οἰκέουσι
966 1210 1177 1264 Κάβαλες,
1206 1208 1348 1265 ὀλίγον
1369 1209 1509 1262 ἔθνος,

148 1269 400 1334 κατήκοντες
426 1276 500 1320 ἐπὶ
525 1276 758 1320 θάλασσαν
782 1275 891 1320 κατὰ
915 1277 1126 1335 Ταύχειρα
1151 1278 1280 1320 πόλιν
1305 1281 1380 1334 τῆς
1398 1284 1514 1334 Βαρ-

149 1349 290 1401 καίης·
327 1345 501 1398 νόμοισι
539 1345 584 1386 δὲ
620 1353 737 1387 τοῖσι
775 1342 946 1388 αὐτοῖσι
980 1344 1178 1401 χρέονται
1214 1353 1331 1388 τοῖσι
1360 1346 1433 1387 καὶ
1472 1345 1513 1387 οἱ

149 1411 259 1469 ὑπὲρ
285 1412 491 1468 Κυρήνης.
551 1409 804 1465 Αὐσχισέων
837 1412 883 1455 δὲ
912 1413 1075 1456 τούτων
1106 1411 1155 1455 τὸ
1187 1411 1300 1468 πρὸς
1326 1411 1511 1469 ἑσπέρης

151 1480 318 1534 ἔχονται
342 1483 621 1533 Νασαμῶνες,
650 1479 780 1530 ἔθνος
805 1478 873 1522 ἐὸν
892 1480 1066 1531 πολλόν,
1096 1482 1138 1523 οἳ
1156 1479 1204 1523 τὸ
1224 1483 1358 1535 θέρος
1383 1497 1513 1523 κατα-

151 1550 374 1597 λείποντες
411 1547 485 1590 ἐπὶ
514 1551 564 1604 τῇ
596 1548 801 1604 θαλάσσῃ
833 1545 887 1590 τὰ
918 1548 1121 1604 πρόβατα
1158 1544 1439 1602 ἀναβαίνουσι
1471 1546 1513 1598 ἐς

150 1613 319 1671 Αὔγιλα
341 1619 482 1670 χῶρον
509 1612 796 1671 ὀπωριεῦντες
826 1613 927 1666 τοὺς
953 1619 1170 1672 φοίνικας·
1209 1614 1251 1658 οἱ
1283 1615 1329 1658 δὲ
1353 1616 1509 1658 πολλοὶ

151 1685 223 1726 καὶ
256 1680 531 1740 ἀμφιλαφέες
567 1682 809 1738 πεφύκασι,
848 1683 1008 1734 πάντες
1045 1682 1185 1734 ἐόντες
1220 1682 1512 1740 καρποφόροι.

151 1749 253 1802 τοὺς
285 1751 331 1793 δὲ
368 1747 621 1804 ἀττελέβους
658 1748 790 1792 ἐπεὰν
825 1751 1097 1807 θηρεύσωσι,
1139 1747 1368 1806 αύήναντες
1403 1749 1516 1805 πρὸς

151 1817 226 1862 τὸν
250 1815 373 1874 ἥλιον
399 1819 656 1861 καταλέουσι
680 1819 750 1860 καὶ
778 1816 945 1861 ἔπειτεν
971 1817 1044 1861 ἐπὶ
1064 1818 1175 1874 γάλα
1196 1817 1514 1868 ἐπιπάσσοντες

153 1890 344 1930 πίνουσι.
404 1894 605 1941 γυναῖκας
631 1885 676 1928 δὲ
712 1885 954 1939 νομίζοντες
989 1884 1155 1937 πολλὰς
1193 1885 1300 1939 ἔχειν
1338 1885 1515 1936 ἕκαστος

155 1953 370 1997 ἐπίκοινον
392 1951 639 2009 αὗτέωντὴν
652 1956 768 2007 μῖξιν
787 1957 1023 2005 ποιεῦνται,
1045 1954 1196 2010 τρόπῳ
1217 1955 1512 2010 παραπλησίῳ

153 2025 214 2078 τῷ
240 2023 311 2064 καὶ
335 2019 638 2076 Μασσαγέται·
672 2019 802 2063 ἐπεὰν
835 2025 1032 2064 σκίπωνα
1062 2022 1408 2077 προστήσωνται,
1421 2025 1518 2074 μίσ-

157 2107 319 2146 γονται.
379 2092 553 2144 πρῶτον
579 2088 624 2131 δὲ
648 2086 877 2144 γαμέοντες
900 2093 1173 2143 Νασαμῶνος
1201 2086 1354 2145 ἀνδρὸς
1384 2088 1516 2142 νόμος

155 2156 246 2200 ἐστὶ
271 2155 345 2213 τὴν
368 2156 536 2213 νύμφην
561 2157 677 2199 νυκτὶ
702 2160 752 2213 τῇ
784 2156 936 2213 πρώτῃ
970 2155 1043 2199 διὰ
1073 2157 1247 2199 πάντων
1278 2157 1516 2209 διεξελθεῖν

153 2228 240 2266 τιῦν
260 2224 528 2277 δαιτυμόνων
547 2227 825 2280 μισγομένην·
851 2229 937 2267 τῶν
958 2225 1003 2267 δὲ
1021 2222 1079 2275 ὡς
1100 2224 1278 2274 ἕκαστός
1300 2223 1513 2280 οἱμιχθῇ,

157 2291 274 2334 διδοῖ
298 2291 436 2346 διῦρον
460 2289 509 2333 τὸ
536 2289 587 2333 ἂν
613 2290 683 2347 ἔχη
716 2291 954 2347 φερόμενος
986 2291 1032 2343 ἒξ
1062 2292 1194 2334 οἴκου.
1257 2289 1443 2348 ὁρκίοισι
1470 2291 1515 2332 δὲ

155 2361 224 2401 καὶ
260 2361 439 2414 μαντικῇ
474 2361 671 2413 χρέονται
702 2359 867 2414 τοιῇδε·
907 2356 1114 2412 ὀμνύουσι
1148 2359 1225 2412 μὲν
1261 2356 1363 2409 τοὺς
1393 2356 1515 2413 παρὰ

157 2429 284 2483 σφίσι
311 2423 468 2482 ἄνδρας
494 2425 794 2476 δικαιοτάτους
818 2427 889 2468 καὶ
910 2423 1113 2482 ἀρίστους
1132 2427 1383 2481 λεγομένους
1401 2428 1515 2481 γενέ-

157 2498 280 2545 σθαι,
306 2493 487 2543 τούτους
513 2490 777 2547 ὀμνύουσι,
803 2497 889 2536 τιῦν
913 2493 1087 2547 τύμβων
1114 2490 1374 2547 ἁπτόμενοι·
1407 2510 1513 2547 μαν-

155 2562 352 2605 τεύονται
389 2560 434 2603 δὲ
472 2559 546 2602 ἐπὶ
580 2564 664 2602 τιῦν
701 2558 924 2617 προγόνων
955 2563 1201 2616 φοιτέοντες
1236 2558 1289 2602 τὰ
1326 2560 1510 2616 σήματα,

156 2631 226 2671 καὶ
251 2627 556 2681 κατευξάμενοι
587 2626 1037 2683 ἒπικατακοιμέονται·
1074 2626 1124 2671 τὸ
1158 2625 1196 2670 δ’
1215 2625 1265 2670 ἂν
1291 2628 1361 2684 ἰ’δῃ
1389 2627 1430 2671 ἐν
1461 2632 1511 2685 τῇ

158 2693 242 2750 ὄψι
273 2695 481 2747 ἐνύπνιον,
514 2695 654 2751 τούτῳ
682 2700 852 2751 χρᾶται.
913 2699 1086 2739 πίστισι
1118 2695 1164 2738 δὲ
1194 2696 1389 2751 τοιῃσίδε
1416 2699 1527 2751 χρέ-,

159 2776 298 2807 ονται·
337 2762 380 2806 ἐκ
409 2766 482 2819 τῆς
510 2762 654 2821 χειρὸς
686 2764 803 2806 διδοῖ
837 2771 954 2807 πιεῖν
991 2764 1062 2805 καὶ
1095 2760 1225 2813 αὐτὸς
1257 2762 1300 2805 ἐκ
1330 2767 1405 2819 τῆς
1434 2767 1512 2806 τοῦ

1195 2830 1264 2865 20·

1533 682 1583 708 170

1536 1020 1582 1045 171

1537 1425 1586 1450 112
