1794 3282
495 217 811 252 HPOAOTOY
841 217 884 251 A.
910 216 1055 252 68-70.
1399 206 1455 247 29

91 299 237 342 μενος”
262 290 340 329 τοῦ
356 287 535 339 χαλκέος
556 286 633 329 δύο
649 285 783 342 ὁρέων
804 286 948 344 φύσας
967 284 1066 336 τοὺς
1087 282 1269 339 ἀνέμους
1289 281 1456 341 εὕρισκε

93 354 262 406 ἐόντας,
294 353 368 396 τὸν
396 354 442 396 δὲ
468 351 632 408 ἄκμονα
658 356 731 397 καὶ
755 353 832 411 τὴν
859 358 1028 411 σφῦραν
1052 353 1126 396 τόν
1151 369 1197 396 τε
1221 352 1360 395 τύπον
1385 353 1458 394 καὶ

91 421 167 464 τὸν
187 419 433 474 ἀντίτυπον,
462 420 536 464 τὸν
559 422 604 464 δὲ
626 421 954 476 ἐξελαυνόμενον
975 421 1150 478 σίδηρον
1169 419 1218 463 τὸ
1239 424 1364 477 πῆμα
1383 419 1458 462 ἐπὶ

94 489 263 545 πήματι
287 494 492 544 κείμενον,
527 489 636 532 κατὰ
661 490 832 533 τοιόνδε
857 507 902 532 τι
927 489 1118 541 εἰκάζων,
1153 486 1212 539 ὥς
1244 487 1319 531 ἐπὶ
1342 491 1457 543 κακῷ

93 554 338 613 ἀνθρώπου
367 558 543 615 σίδηρος
576 556 819 615 ἀνεύρηται.
869 557 1220 611 συμβαλλόμενος
1252 557 1460 599 δὲταῦτα

92 626 163 667 καὶ
190 622 401 668 ἀπελθών
428 624 471 676 ἐς
490 627 695 681 Σπάρτην
716 625 874 682 ἔφραζε
893 625 1279 678 Λακεδαιμονίοισι
1298 628 1386 666 πᾶν
1405 621 1455 666 τὸ

93 696 283 748 πρῆγμα.
335 693 377 735 οἱ
403 693 449 735 δὲ
475 692 519 735 ἐκ
544 694 673 749 λόγου
701 695 899 736 πλαστοῦ
927 692 1217 742 ἕπενείκαντές
1243 691 1285 734 οἱ
1317 691 1458 746 αἰτίην

93 758 289 812 ἐδίωξαν.
329 759 351 803 ὃ
379 761 425 803 δὲ
446 758 709 814 ἀπικόμενος
735 759 778 811 ἐς
802 763 952 815 Τεγέην
972 761 1042 801 καὶ
1063 759 1239 815 φράζων
1258 757 1332 815 τὴν
1353 758 1461 800 ἑωυ-

91 831 169 869 τοῦ
196 827 423 885 συμφορὴν
449 828 561 884 πρὸς
586 827 660 870 τὸν
678 829 838 880 χαλκέα
864 826 1105 880 ἐμισθοῦτο
1131 824 1232 880 παρ’
1251 824 1327 867 οὗκ
1348 825 1460 868 ἐκδι-

93 895 243 945 δόντος
261 894 335 950 τὴν
356 893 499 951 αὐλήν.
534 895 674 952 χρόνῳ
698 895 744 936 δὲ
764 892 823 945 ὥς
843 892 1067 949 ἀνέγνωσε,
1095 893 1331 949 ἐνοικίσθη,
1360 891 1461 935 ἂνο-

92 962 223 1016 ρύξας
249 962 295 1004 δὲ
319 961 392 1004 τὸν
416 962 557 1018 τάφον
582 964 654 1004 καὶ
678 960 733 1005 τὰ
759 959 890 1004 ὀστέα
916 962 1122 1013 συλλέξας
1147 960 1288 1013 οἴχετο
1315 963 1458 1016 φέρων

93 1029 135 1080 ές
158 1029 377 1086 Σπάρτην.
415 1031 488 1072 καὶ
513 1028 604 1073 ἀπὸ
630 1030 785 1073 τούτου
807 1034 884 1073 τοῦ
901 1029 1071 1085 χρόνου,
1101 1025 1212 1079 ὅκως
1237 1027 1458 1083 πειρῴατο

92 1095 304 1154 ἀλλήλων,
343 1098 493 1153 πολλῷ
525 1101 839 1153 κατυπέρτεροι
874 1102 935 1153 τῷ
974 1098 1153 1152 πολέμῳ
1193 1095 1379 1151 ἐγίνοντο
1418 1095 1461 1138 οἱ

91 1164 452 1219 Λακεδαιμόνιοι·
479 1163 557 1222 ἤδη
580 1166 627 1208 δέ
647 1182 728 1223 σφι
742 1167 814 1208 καὶ
834 1163 857 1221 ἡ
882 1164 1021 1222 πολλὴ
1035 1169 1110 1221 τῆς
1124 1163 1458 1219 Πελοποννήσου

91 1227 142 1289 ἧν
167 1237 533 1289 κατεστραμμένη.

181 1304 324 1343 Ταῦτα
350 1300 400 1358 δὴ
428 1294 486 1344 ὦν
512 1302 657 1344 πάντα
682 1301 1014 1355 πυνθανόμενος
1035 1298 1056 1343 ὃ
1078 1307 1267 1357 Κροῖσος
1288 1299 1457 1354 ἔπεμπε

93 1367 135 1419 ἐς
159 1368 364 1425 Σπάρτην
390 1366 594 1425 ἀγγέλους
622 1369 743 1426 διῦρά
768 1386 815 1412 τε
841 1373 1053 1426 φέροντας
1077 1370 1149 1411 καὶ
1177 1368 1461 1424 δεησομένους

92 1440 347 1492 συμμαχίης,
377 1435 671 1491 ἐντειλάμενός
684 1454 730 1480 τε
751 1436 805 1480 τὰ
820 1439 955 1493 λέγειν
972 1441 1088 1493 χρῆν.
1129 1436 1169 1478 οἱ
1191 1436 1236 1478 δὲ
1257 1435 1461 1495 ἐλθόντες

260 1502 287 1517 tt
302 1504 322 1519 >r

1483 1314 1515 1338 69

93 1504 235 1560 ἔλεγον
299 1513 473 1559 έπεμψε
505 1503 640 1560 ἡμέας
670 1512 860 1561 Κροῖσος
897 1503 918 1547 ὁ
952 1505 1109 1547 Λυδῶν
1139 1520 1185 1546 τε
1218 1505 1289 1545 καὶ
1321 1501 1460 1545 ἄλλων
1512 1543 1514 1546 .

93 1572 256 1615 ἐθνέων
280 1572 498 1627 βασιλεύς,
527 1574 660 1628 λέγων
684 1573 802 1615 τάδε.
842 1567 875 1614 ὦ
897 1571 1249 1625 Λακεδαιμόνιοι,
1275 1570 1461 1627 χρήσαν-

91 1656 166 1690 τος
190 1644 266 1682 τοῦ
294 1643 402 1682 θεοῦ
428 1636 700 1696 τὸνἝλληνα
726 1642 853 1696 φίλον
880 1643 1191 1696 προσθέσθαι,
1220 1636 1353 1692 ὑμέας
1378 1636 1459 1694 γὰρ

93 1707 379 1762 πυνθάνομαι
403 1707 672 1763 προεστάναι
695 1712 771 1764 τῆς
787 1706 1000 1758 Ἑλλάδος,
1029 1705 1163 1760 ὑμέας
1191 1700 1248 1748 ὦν
1273 1704 1383 1748 κατὰ
1408 1704 1458 1747 τὸ

90 1775 349 1833 χρηστήριον
374 1777 702 1831 προσκαλέομαι
728 1777 857 1833 φίλος
888 1792 934 1817 τε
961 1774 1126 1817 ἐθέλων
1157 1777 1364 1830 γενέσθαι
1388 1774 1462 1815 καὶ

96 1844 320 1898 σύμμαχος
353 1840 452 1885 ἄνευ
484 1860 531 1885 τε
563 1844 692 1885 δόλου
727 1845 797 1886 καὶ
825 1840 1038 1898 ἇπάτης.”
1089 1848 1277 1898 Κροῖσος
1307 1842 1383 1894 μὲν
1410 1839 1460 1896 δὴ

93 1915 232 1953 ταῦτα
257 1908 310 1953 δι)
328 1908 516 1966 ἀγγέλων
544 1909 890 1967 ἐπεκηρυκεύετο,
919 1907 1261 1964 Λακεδαιμόνιοι
1287 1910 1333 1951 δὲ
1359 1907 1462 1965 άκη-

94 1979 243 2028 κοότες
272 1980 345 2020 καὶ
376 1976 502 2021 αὐτοὶ
537 1977 587 2021 τὸ
625 1979 907 2035 θεοπρόπιον
943 1976 993 2020 τὸ
1024 1981 1199 2035 Κροίσῳ
1237 1977 1461 2033 γενόμενον

94 2045 297 2102 ἥσθησάν
327 2062 374 2089 τε
403 2050 455 2103 τῇ
488 2043 614 2099 ἀπίξι
644 2051 730 2090 τῶν
756 2047 912 2090 Λυδῶν
943 2047 1016 2088 καὶ
1041 2045 1303 2102 ἐποιήσαντο
1337 2043 1462 2102 ὅρκια

95 2118 252 2170 ξεινίης
277 2117 380 2171 πέρι
404 2116 476 2157 καὶ
501 2119 764 2171 συμμαχίης·
790 2116 860 2157 καὶ
886 2115 966 2172 γάρ
986 2131 1098 2165 τινες
1119 2111 1274 2164 αὐτοὺς
1295 2111 1462 2170 εὐεργε-

96 2186 190 2226 σίαι
215 2180 327 2235 εἶχον
348 2181 391 2224 ἐκ
404 2186 593 2238 Κροίσου
614 2183 827 2239 πρότερον
848 2182 911 2225 ἔτι
931 2190 1163 2238 γεγονυῖαι.
1208 2184 1462 2236 πέμψαντες

96 2250 175 2308 γὰρ
192 2250 585 2304 οἱΛακεδαιμόνιοι
601 2250 642 2301 ἐς
655 2251 817 2305 Σάρδις
833 2249 992 2305 χρυσὸν
1007 2248 1200 2302 ὠνέοντο,
1230 2248 1272 2300 ἐς
1292 2246 1463 2304 ἄγαλμα

96 2318 354 2373 βουλόμενοι
380 2319 636 2373 χρήσασθαι
665 2322 794 2361 τοῦτο
830 2317 880 2360 τὸ
918 2322 988 2361 νῦν
1025 2322 1100 2374 τῆς
1130 2321 1383 2372 Λακωνικῆς
1421 2316 1463 2358 ἐν

101 2385 478 2441 Θόρνακοῗδρυται
492 2383 778 2436 ,Ἀπόλλωνος’
804 2392 993 2442 Κροῖσος
1014 2386 1061 2428 δέ
1081 2401 1162 2442 σφι
1184 2383 1462 2438 ὠνεομένοισι

100 2453 231 2496 ἔδωκε
264 2453 457 2508 δωτίνην.
505 2452 669 2495 τούτων
700 2469 746 2495 τε
779 2455 836 2495 ὠν
868 2453 1022 2495 εἵνεκεν
1050 2453 1091 2494 οἱ
1116 2452 1457 2505 Λακεδαιμόνιοι
1482 2465 1515 2490 ⁷0

97 2519 172 2578 τὴν
199 2524 440 2576 συμμαχίην
467 2519 684 2572 ἐδέξαντο,
717 2522 789 2562 καὶ
816 2518 886 2563 ὅτι
913 2520 957 2562 ἐκ
982 2520 1157 2563 πάντων
1190 2522 1328 2576 σφέας
1354 2535 1464 2574 προ-

99 2592 244 2644 κρίνας
259 2585 464 2643 Ἑλλήνων
490 2588 656 2645 αἱρέετο
678 2589 846 2645 φίλους.
884 2589 955 2630 καὶ
974 2592 1103 2631 τοῦτο
1123 2587 1198 2642 μὲν
1214 2585 1335 2629 αὐτοὶ
1357 2581 1464 2642 ἦσαν

101 2655 269 2711 ἑτοῖμοι
289 2654 602 2712 ἐπαγγείλαντι,
628 2660 756 2698 τοῦτο
778 2656 824 2698 δὲ
844 2656 1136 2712 ποιησάμενοι
1155 2654 1465 2712 κρητῆραχάλ-

100 2740 195 2767 κεον
232 2724 397 2781 ζῳδίων
432 2740 479 2767 τε
516 2723 680 2776 ἔξωθεν
718 2723 960 2780 πλήσαντες
998 2724 1100 2781 περὶ
1130 2722 1180 2766 τὸ
1215 2725 1358 2776 χεῖλος
1393 2724 1466 2765 καὶ
