1794 3282
499 278 814 314 ΗΡΟΔΟΤΟΥ
842 279 884 313 Δ.
909 278 1101 314 145—147.
1398 268 1481 310 297

120 348 394 401 ἐξελαθέντες
424 345 510 390 ὑπὸ
536 349 770 403 Πελασγῶν
800 351 886 391 τιῦν
917 347 961 390 ἐκ
984 351 1246 404 Βραυρῶνος
1275 345 1484 404 ληισαιιέ-

116 432 200 458 νων
224 413 302 466 τὰς
322 412 562 470 Ἀθηναίων
584 423 805 470 γυναῖκας,
831 412 919 458 ὑπὸ
946 416 1111 458 τούτων
1137 413 1457 467 ἐξελαθέντες’
1439 431 1484 457 εκ

115 483 292 538 Λήμνου
326 482 494 535 οἴχοντο
525 482 746 533 πλώοντες
777 481 820 533 ἐς
848 483 1173 536 Λακεδαίιιονα,
1217 482 1405 536 ἱζόμενοι
1436 482 1482 525 δὲ

117 547 160 591 ἐν
185 553 246 604 τῶ
278 552 472 630 Τήῦγέτω
499 553 586 606 πῦρ
613 547 822 592 ἀνέκαιον.
875 550 1218 604 Λακεδαιμόνιοι
1244 551 1290 592 δὲ
1317 549 1482 600 ἰδόντες

117 613 332 671 α’γγελον
321 615 518 670 έπεμπον
543 617 808 671 πευσόμενοι
831 620 943 669 τίνες
967 634 1013 660 τε
1038 619 1109 660 καὶ
1129 615 1287 661 ὁκόθεν
1309 617 1483 660 εἶσί·οἱ

118 682 164 726 δὲ
193 687 255 739 τιῦ
288 681 452 739 ἀγγέλω
485 683 731 740 εἷρωτέοντι
762 685 904 740 έλεγον
936 682 995 736 ὥς
1027 685 1174 741 εἴησαν
1204 686 1280 739 μὲν
1305 685 1481 737 Μινύαι,

115 752 274 803 παῖδες
300 751 347 794 δὲ
372 749 454 794 εἷεν
479 755 564 793 τῶν
590 750 632 794 ἐν
655 756 707 809 τῇ
729 751 871 808 ᾍργοῖ
893 753 1128 795 πλωόντων
1153 750 1317 809 ἡρώιον,
1344 768 1484 810 προσ-

117 819 298 871 σχόντας
329 818 375 860 δὲ
405 818 585 869 τούτους
617 818 659 869 ἐς
688 824 861 876 Λῆμνον
898 824 1113 877 φυτεῦσαί
1145 837 1295 876 σφεας.
1358 821 1401 863 οἳ
1436 821 1482 863 δὲ

116 885 459 939 Λακεδαιμόνιοι
491 884 721 942 ἀκηκοότες
750 886 824 930 τὸν
855 888 981 943 λόγον
1012 892 1088 944 τῆς
1118 892 1261 944 γενεῆς
1290 892 1377 930 τῶν
1402 895 1483 930 Μι-

116 957 267 1004 νυέων,
317 956 573 1009 πέμψαντες
608 953 657 996 τὸ
697 954 895 1011 δεύτερον
938 955 1138 1012 εἰριότεον
1173 959 1217 998 τί
1259 954 1484 1006 ἐθέλοντες

116 1018 258 1077 ἥκοιέν
289 1037 335 1063 τε
361 1020 404 1072 ἐς
428 1019 502 1077 τὴν
530 1021 673 1077 χώρην
704 1024 776 1064 καὶ
801 1026 887 1079 πῦρ
921 1023 1108 1066 αἴθοιεν.
1166 1023 1208 1065 οἱ
1239 1023 1285 1065 δὲ
1316 1022 1484 1080 ἔφασαν

116 1087 202 1131 ὑπὸ
228 1090 459 1144 Πελασγῶν
485 1088 765 1143 ἐκβληθέντες
790 1086 904 1145 ἥκειν
925 1089 968 1141 ἐς
986 1089 1087 1141 τοὺς
1106 1090 1318 1146 πατέρας·
1346 1091 1485 1133 δικαι-

117 1156 271 1199 ότατον
289 1154 370 1212 γὰρ
392 1153 502 1198 εἶναι
524 1152 636 1198 οὕτω
655 1159 784 1198 τοῦτο
803 1160 1027 1212 γίνεσθαι·
1055 1158 1240 1200 δέεσθαί
1262 1174 1308 1200 τε
1330 1158 1482 1200 οἰκέειν

116 1221 207 1278 ἅμα
237 1223 435 1266 τούτοισι
469 1222 627 1279 μοῖράν
657 1239 704 1265 τε
733 1227 892 1277 τιμέων
922 1224 1170 1278 μετέχοντες
1201 1227 1270 1267 καὶ
1302 1229 1378 1282 τῆς
1408 1229 1484 1280 γῆς

117 1290 423 1345 ἀπολαχόντες.
488 1290 879 1344 Λακεδαιμονίοισι
916 1292 962 1334 δὲ
999 1291 1098 1335 ἕαδε
1138 1293 1348 1336 δέκεσθαι
1383 1290 1484 1342 τοὺς

115 1359 281 1410 Μινύας
307 1357 372 1402 ἐπ’
391 1356 482 1401 οἷσι
508 1357 715 1401 ἐθέλουσι
740 1356 882 1401 αῦτοί·
908 1360 1100 1413 μάλιστα
1127 1361 1173 1402 δὲ
1199 1359 1319 1417 ἐνῆγέ
1345 1376 1484 1416 σφεας

118 1424 229 1470 ὥστε
259 1430 427 1470 ποιέειν
457 1430 595 1469 ταῦτα
624 1430 709 1468 τῶν
745 1427 1038 1481 Τυνδαριδέων
1069 1425 1093 1484 ἡ
1125 1430 1319 1483 ναυτιλίη
1354 1427 1395 1471 ἐν
1431 1432 1481 1484 τῇ

112 1492 265 1550 Ἀργοῖ.
322 1494 548 1547 δεξάμενοι
581 1493 627 1536 δὲ
651 1492 752 1543 τοὺς
776 1494 942 1545 Μινύας
971 1499 1046 1551 γῆς
1076 1512 1122 1538 τε
1145 1496 1382 1549 μετέδοσαν
1412 1496 1484 1537 καὶ

117 1561 160 1614 ἐς
185 1560 327 1620 φυλὰς
353 1562 624 1605 διεδάσαντο.
686 1561 728 1603 οἱ
755 1562 800 1604 δὲ
826 1559 980 1604 αὐτίκα
1010 1563 1086 1617 μὲν
1116 1563 1282 1618 γάμους
1308 1562 1479 1618 ἔγημαν,

115 1628 194 1681 τὰς
226 1630 272 1672 δὲ
304 1628 348 1672 ἐκ
372 1630 549 1686 Λήμνου
576 1627 747 1685 ἤγοντο,
782 1628 984 1681 ἐξέδοσαν
1010 1627 1195 1673 ἄλλοισι.
1252 1631 1408 1688 χρόνου
1438 1630 1483 1672 δὲ

119 1695 167 1740 οὗ
195 1699 360 1741 πολλοῦ
388 1697 689 1749 διεξελθόντος
715 1694 868 1740 αὐτίκα
894 1697 936 1740 οἱ
959 1698 1119 1741 Μινύαι
1141 1698 1380 1754 ἐξύβρισαν,
1407 1703 1482 1755 τῆς

116 1782 162 1808 τε
186 1766 416 1821 βασιληίης
441 1768 738 1819 μεταιτέοντες
767 1767 840 1808 καὶ
871 1763 980 1808 ἄλλα
1012 1770 1234 1817 ποιεῦντες
1266 1765 1341 1809 οὐκ
1367 1764 1482 1810 ὅσια.

116 1842 234 1876 τοῖσι
260 1827 318 1875 ὦν
343 1833 732 1887 Λακεδαιμονίοισι
759 1833 878 1885 ἐ’δοξε
905 1832 1062 1884 αὐτοὺς
1087 1832 1354 1886 ἀποκτεῖναι,
1383 1836 1484 1878 συλ--

118 1901 322 1955 λαβόντες
355 1901 402 1943 δέ
439 1916 579 1957 σφεας
613 1902 849 1955 κατέβαλον
887 1900 929 1952 ἐς
965 1900 1125 1958 ἑρκτήν.
1186 1906 1400 1945 κτείνουσι
1438 1903 1484 1945 δὲ

115 1968 218 2019 τοὺς
250 1966 300 2011 ἂν
331 1972 531 2011 κτείνωσι
560 1969 904 2023 Λακεδαιμόνιοι
933 1970 1100 2021 νυκτός,
1133 1968 1222 2023 μετ’
1248 1968 1406 2027 ἡμέρην
1438 1971 1485 2013 δὲ

118 2035 284 2080 οὐδένα.
347 2035 444 2078 ἐπεὶ
470 2029 529 2078 ὦν
556 2035 731 2090 ἔμελλόν
757 2052 896 2093 σφεας
919 2037 1292 2092 καταχρήσεσθαι,
1320 2055 1484 2095 παραι-

115 2105 301 2161 τήσαντο
334 2102 381 2145 αἱ
409 2112 604 2159 γυναῖκες
633 2108 720 2147 τῶν
750 2103 959 2157 Μινυέων,
994 2103 1145 2147 ἐοῦσαι
1177 2103 1308 2148 ἀσταί
1336 2123 1383 2149 τε
1413 2108 1485 2149 καὶ

115 2177 201 2215 τιῦν
226 2171 414 2228 πρώτων
433 2175 742 2228 Σπαρτιητέων
767 2176 1018 2228 θυγατέρες,
1048 2171 1246 2216 ἐσελθεῖν
1271 2190 1317 2216 τε
1343 2173 1386 2224 ἐς
1409 2174 1484 2230 τῆν

117 2239 263 2296 ἑρκτὴν
288 2241 360 2282 καὶ
387 2239 430 2291 ἐς
455 2240 609 2295 λόγους
636 2239 782 2283 ἐλθεῖν
808 2240 963 2296 ἑκάστη
990 2245 1051 2296 τῷ
1078 2240 1239 2297 ἑωυτῆς
1265 2239 1402 2297 ἀνδρί.
1443 2242 1484 2283 οἱ

117 2308 164 2350 δέ
195 2323 334 2364 σφεας
370 2311 586 2362 παρῆκαν,
629 2305 782 2350 οὐδένα
819 2308 945 2350 δόλον
984 2309 1202 2359 δοκέοντες
1239 2308 1286 2359 ἐξ
1321 2306 1485 2351 αὐτέων

117 2376 315 2420 ἔσεσθαι.
377 2374 423 2416 αἱ
449 2375 495 2417 δὲ
521 2373 665 2417 ἐπείτε
691 2374 891 2431 ἐσῆλθον,
925 2379 1104 2417 ποιεῦσι
1133 2375 1304 2418 τοιάδε·
1335 2380 1482 2419 πᾶσαν

114 2443 189 2500 τὴν
221 2441 333 2497 εἶχον
366 2441 536 2499 ἐσθῆτα
566 2442 847 2498 παραδοῦσαι
876 2451 994 2485 τοῖσι
1026 2440 1210 2499 ἀνδράσι
1247 2440 1378 2486 αὗται
1408 2442 1483 2499 τὴν

115 2516 200 2555 τῶν
232 2509 399 2566 ἀνδρῶν
431 2510 597 2563 ἔλαβον.
660 2509 702 2551 οἱ
734 2510 779 2552 δὲ
810 2510 972 2553 Μινύαι
1010 2509 1199 2560 ἐνδύντες
1229 2510 1304 2566 τὴν
1336 2528 1481 2566 γυναι-

116 2583 236 2636 κηίην
267 2578 453 2635 ἐσθῆτα,
488 2575 564 2620 ἅτε
588 2585 782 2633 γυναῖκες
808 2576 980 2634 ἐξήισαν
1013 2577 1112 2629 ἔξω,
1146 2577 1402 2634 ἐκφυγόντες
1436 2579 1483 2621 δὲ

115 2647 268 2702 τρόπῳ
288 2646 472 2702 τοιούτῳ
493 2645 633 2697 ἵζοντο
655 2638 776 2695 αὖτις
796 2644 839 2696 ἐς
862 2644 911 2687 τὸ
937 2644 1156 2701 Τηΰγετον.
1193 2644 1267 2688 τὸν
1287 2645 1333 2688 δὲ
1353 2643 1482 2690 αὐτὸν

116 2719 269 2757 τοῦτον
302 2715 455 2768 χρόνον
490 2713 629 2769 Θήρας
665 2711 688 2755 ὃ
719 2710 993 2764 Αὐτεσίωνος
1023 2717 1100 2756 τοῦ
1137 2718 1375 2768 Τισαμενοῦ
1405 2718 1483 2757 τοῦ

120 2781 388 2838 Θερσάνδρου
409 2785 487 2824 τοῦ
507 2783 787 2832 Πολυνείκεος
807 2780 975 2824 ἔστελλε
995 2780 1038 2832 ἐς
1058 2779 1262 2838 ἀποικίην
1282 2780 1326 2825 ἐκ
1344 2788 1485 2826 Λακε-

1509 1642 1557 1667 146

1508 2659 1558 2686 147
