1794 3282
518 286 832 322 ΗΡΟΔΟΤΟΥ
862 288 904 321 Δ.
930 286 1007 321 134.
1035 286 1111 322 135.
1422 274 1506 316 293

133 357 288 402 τούτου
334 353 720 399 ἆπαλλάσσεσθε.”
785 349 907 399 οὗτοι
949 359 1026 410 μέν
1068 373 1139 399 νυν
1176 352 1508 408 ὑποδεξαμένων
1535 365 1584 391 134

128 421 281 467 Ἰιόνων
316 423 519 479 ποιήσειν
549 428 686 466 ταῦτα
720 422 865 467 ὂπίσω
903 422 979 480 τὴν
1014 428 1216 479 ταχίστην
1253 420 1509 479 ἠπείγοντο·

134 494 328 547 Πέρσῃσι
361 491 407 533 δὲ
435 490 547 545 μετὰ
577 490 632 534 τὰ
665 491 784 548 δῶρα
815 490 870 534 τὰ
903 490 1092 534 ἐλθόντα
1122 494 1293 546 Δαρείῳ
1329 487 1508 532 ἀντετά-

131 564 305 614 χθησαν
337 558 380 600 οἱ
410 555 757 615 ὑπολειφθέντες
782 559 957 602 Σκύθαι
989 559 1107 614 πεζῷ
1134 560 1206 601 καὶ
1237 558 1422 601 ἵπποισι
1448 554 1508 608 ὦς

136 627 464 680 συμβαλέοντες.
513 626 822 706 τεταγμένοισι(
847 627 893 668 δὲ
925 635 1046 669 τοῖσι
1071 627 1272 683 Σκύθῃσι
1303 624 1435 682 λαγὸς
1467 624 1511 676 ἐς

136 692 187 735 τὸ
218 696 351 747 μέσον
384 694 540 749 διήιξε·
578 699 666 736 τῶν
706 694 751 736 63
790 692 849 745 ὦς
887 693 1062 737 ε’καστοι
1100 690 1235 750 (ἶῖρεον
1271 693 1345 736 τὸν
1382 691 1513 749 λαγὸν

139 760 329 804 ἐδίωκον.
381 765 685 818 ταραχθέντων
712 762 758 804 63
783 766 868 804 τιῦν
894 765 1102 804 Σκυθέων
1127 763 1199 803 καὶ
1223 765 1305 818 βοῇ
1334 764 1514 817 χρεομέ-

140 845 242 879 νων,
283 828 421 885 εἴρετο
456 826 477 871 ὃ
511 835 696 885 Δαρεῖος
726 833 812 872 τιῦν
849 827 1150 882 ἀντιπολεμίων
1187 828 1260 871 τὸν
1298 830 1512 885 θόρυβον·

138 896 395 949 πυθόμενος
416 897 464 938 δέ
488 913 626 954 σφεας
644 896 716 940 τὸν
736 896 866 952 λαγὸν
895 897 1143 948 διώκοντας,
1171 894 1268 939 εἶπε
1296 894 1381 950 ἄρα
1401 894 1514 952 πρὸς

138 963 332 1020 τούσπερ
360 963 500 1007 ἐώθεε
525 967 597 1007 καὶ
621 964 676 1007 τὰ
703 962 813 1007 ἄλλα
838 962 1022 1020 λέγειν,(
1026 958 1169 1007 ὀὗτοι
1190 957 1392 1019 ὦνδρεςε
1372 967 1513 1019 ημέων
1539 998 1546 1006 .

139 1029 303 1074 πολλὸν
339 1035 705 1088 καταφρονέοισι,
746 1036 818 1074 καί
853 1049 931 1086 μοι
962 1037 1034 1074 νῦν
1072 1036 1276 1101 φαίνεται
1306 1031 1515 1111 Γωβρύης

140 1097 266 1141 εἶπαι
297 1100 401 1155 περὶ
431 1103 518 1141 τῶν
549 1103 781 1141 Σκυθικῶν
814 1100 965 1181 δώρων
999 1097 1162 1155 ὀρθῶς.
1219 1102 1278 1149 ὠς
1310 1100 1368 1141 ὠν
1402 1095 1514 1141 ούτω

137 1163 219 1222 η’δη
254 1165 489 1208 δοκεόντων
520 1168 591 1208 καὶ
625 1163 740 1222 αυτῷ
771 1182 850 1220 μοι
883 1166 1003 1219 ἔχειν,
1036 1168 1197 1222 βουλῆς
1229 1164 1402 1222 ἀγαθῆς
1435 1166 1513 1216 δεῖ,

141 1230 252 1283 ὅκως
284 1231 518 1290 ἀσφαλέως
550 1231 573 1290 ἡ
605 1208 761 1289 κομιδὴ
793 1232 895 1290 ἡμῖν
928 1233 1050 1277 ἔσται
1080 1233 1129 1277 τὸ
1159 1232 1344 1276 ὂπίσω.”
1402 1231 1516 1288 πρὸς

138 1306 277 1344 ταῦτα
306 1301 515 1357 Γωβρύης
547 1299 643 1344 εἶπε
676 1295 743 1343 “L5
780 1303 982 1356 βασιλεῦ,
1022 1300 1104 1358 ἐγώ
1144 1300 1294 1354 σχεδὸν
1330 1302 1407 1356 μὲν
1443 1302 1516 1343 καὶ

139 1369 254 1425 λόγω
283 1367 532 1425 ἧπιστάιιην
557 1370 721 1411 τούτων
746 1374 832 1412 τῶν
859 1368 1026 1426 ἀνδρῶν
1045 1387 1120 1425 την
1140 1366 1341 1426 ἀπορίην,
1371 1367 1517 1412 ἐλθὼν

141 1437 188 1479 δὲ
206 1435 406 1491 μᾶλλον
390 1453 431 1488 ες
416 1438 617 1489 εἰιαθον,
647 1434 782 1492 ὁρέων
803 1434 961 1487 αὗτους
982 1408 1314 1491 ἐμπαίζοντας(
1291 1445 1406 1493 ημῖν.
1443 1441 1516 1480 νῦν

141 1498 201 1547 ὦν
225 1521 303 1558 μοι
336 1504 493 1555 δοκέει,
531 1502 662 1546 ἐπεὰν
693 1505 876 1557 τάχιστα
901 1503 976 1557 νέξ
1005 1503 1193 1561 ἐπέλθῃ,
1228 1503 1517 1556 ἐκκαύσαντας

139 1571 195 1614 τὰ
220 1570 338 1626 πυρὰ
367 1569 425 1622 ὡς
450 1573 522 1613 καὶ
549 1568 703 1614 άλλοτε
735 1571 943 1626 ἐώθαμεν
968 1571 1148 1623 ποιέειν,
1182 1576 1269 1615 τιῦν
1302 1589 1516 1629 στρατιω-

140 1642 249 1682 τέων
273 1637 375 1690 τοὺς
402 1637 753 1690 ἀσθενεστάτους
787 1638 831 1690 ἐς
861 1639 938 1691 τὰς
962 1642 1267 1695 ταλαιπωρίας
1300 1639 1517 1696 ἐξαπατή-

143 1723 302 1758 σαντας
326 1709 397 1749 καὶ
422 1724 522 1758 τους
550 1706 675 1758 ὄνους
701 1708 869 1758 πάντας
888 1707 1216 1763 ’καταδήσαντας
1237 1705 1517 1751 ἀπαλλάσσε-

143 1779 268 1827 σθαι,
297 1777 399 1830 πρὶν
427 1772 450 1831 ἢ
476 1777 547 1817 καὶ
569 1774 643 1818 ἐπὶ
662 1773 908 1829 τὸνἽστρον
931 1775 1087 1818 ἰθῦσαι
1107 1776 1286 1826 Σκύθας
1306 1775 1517 1827 λύσοντας

141 1842 217 1899 τὴν
242 1846 444 1899 γέφυραν,
472 1840 499 1899 ἢ
523 1847 596 1885 καί
619 1861 662 1886 τι
679 1841 797 1886 Ἴωσι
825 1844 950 1895 δόξαι
974 1841 1023 1886 τὸ
1052 1840 1186 1899 ἡμέας
1213 1842 1306 1886 οἶόν
1325 1860 1372 1886 τε
1393 1843 1517 1887 ἔσται

145 1908 508 1967 ἐξεργάσασθαι.”
559 1911 767 1967 Γωβρύης
796 1911 873 1965 μὲν
903 1915 1042 1953 ταῦτα
1075 1911 1371 1965 συνεβούλευε,
1404 1911 1515 1966 μετὰ

147 1979 193 2020 δὲ
224 1979 299 2030 νύξ
327 1994 374 2021 τε
407 1977 571 2034 ἐγένετο
602 1981 674 2021 καὶ
699 1986 885 2035 Δαρεῖος
916 1978 1069 2035 ἐχρᾶτο
1099 1983 1149 2035 τῇ
1181 1980 1328 2036 γνώμῃ
1359 1979 1517 2036 ταύτη·

144 2044 248 2096 τοὺς
272 2046 348 2099 μὲν
373 2062 647 2103 καματηροις
670 2051 756 2089 τῶν
783 2044 961 2102 ανδριῦν,
994 2048 1066 2089 καὶ
1096 2051 1181 2089 τῶν
1214 2048 1260 2102 ἠν
1292 2046 1518 2100 ἐλάχιστος

147 2112 457 2168 ἀπολλυμένων
491 2114 636 2170 λόγος,
675 2116 747 2157 καὶ
777 2131 880 2165 τους
912 2112 1038 2165 όνους
1068 2114 1236 2166 πάντας
1272 2114 1519 2171 καταδήσας

146 2183 351 2225 κατέλιπε
384 2179 516 2225 αὐτοῦ
547 2182 681 2240 ταύτῃ
716 2181 758 2225 ἐν
788 2187 849 2238 τῴ
883 2183 1182 2238 στρατοπέδῳ.
1236 2184 1440 2225 κατέλιπε
1473 2183 1519 2225 δὲ

147 2250 250 2300 τούς
285 2265 332 2292 τε
369 2247 494 2301 ὅνους
529 2252 602 2292 καὶ
638 2248 740 2300 τοὺς
776 2248 993 2302 ἀσθενέας
1029 2254 1105 2308 τῆς
1142 2254 1347 2306 στρατιῆς
1381 2251 1518 2292 τῶνδε

150 2317 317 2369 εἵνεκεν,
344 2316 415 2359 ἵνα
439 2316 480 2359 οἱ
497 2318 574 2371 μὲν
595 2314 688 2360 ὄνοι
704 2317 810 2374 βοὴν
830 2321 1124 2373 παρέχωνται·
1153 2317 1194 2359 οἱ
1215 2318 1260 2359 δὲ
1281 2315 1517 2373 ἅνθρωποι

151 2383 353 2440 αθενείης
383 2384 459 2438 μὲν
491 2384 644 2427 είνεκεν
674 2387 998 2437 κατελείποντο,
1031 2385 1286 2441 προφάσιος
1312 2385 1358 2426 63
1387 2385 1518 2440 τῆσδε

152 2453 333 2509 δηλαδή,
369 2450 427 2503 ὡς
454 2450 583 2502 αὐτὸς
607 2452 683 2505 μὲν
710 2450 785 2494 σὺν
810 2456 870 2507 τιῦ
896 2456 1080 2509 καθαριῦ
1106 2456 1182 2495 τοῦ
1210 2456 1394 2508 στρατοῦ
1422 2451 1519 2495 ἐπι-

151 2523 379 2576 θήσεσθαι
400 2521 549 2575 μέλλοι
570 2527 686 2562 τοῖσι
699 2519 912 2576 Σκύθησι,
942 2521 1063 2562 οὗτοι
1084 2520 1130 2562 δὲ
1149 2517 1198 2562 τὸ
1220 2520 1518 2577 στρατόπεδον

149 2593 304 2631 τοῦτον
328 2586 402 2630 τὸν
424 2588 577 2643 χρόνον
603 2588 793 2643 ῥυοίατο.
830 2591 967 2630 ταῦτα
985 2596 1102 2630 τοῖσι
1126 2584 1519 2643 ὑπολειπομένοισι

153 2654 429 2710 ὑποθέμενος
461 2653 483 2698 ὃ
510 2663 695 2710 Δαρεῖος
725 2657 796 2698 καὶ
827 2654 947 2713 πυρὰ
979 2655 1187 2706 ἐκκαύσας
1216 2654 1292 2712 τὴν
1316 2660 1518 2712 ταχίστην

152 2722 354 2781 ἠπείγετο
388 2723 462 2768 ἐπὶ
492 2723 566 2767 τὸν
584 2722 764 2780 Ἴστρον.
826 2723 868 2765 οἱ
901 2724 946 2766 63
978 2722 1072 2766 ὄνοι
1108 2722 1406 2780 ἐρημωθέντες
1441 2728 1518 2767 τοῦ

156 2790 307 2849 ὁμίλου
395 2788 507 2834 οὕτω
581 2788 629 2845 δὴ
698 2793 860 2846 μᾶλλον
897 2793 1046 2848 πολλῷ
1084 2791 1206 2835 ἵεσαν
1241 2795 1317 2848 τῆς
1352 2795 1519 2848 φωνῆς·

1541 1924 1591 1950 135
