1794 3282
187 1552 253 1599 ⁷75

279 198 335 240 32
684 205 1000 240 HPOAOTOY
1031 205 1072 238 A.
1099 205 1152 239 74.
1181 205 1234 239 75.

278 276 422 332 Μῆδοι
446 273 549 324 τοὺς
574 273 746 324 Λυδοὺς
773 273 980 329 ἐνίκησαν,
1009 274 1219 324 πολλάκις
1245 274 1290 317 δὲ
1317 273 1359 317 οἷ
1379 273 1517 317 Λυδοὶ
1544 271 1646 323 τοὺς

277 344 473 399 Μήδους·
502 341 563 396 [ἐν
590 341 636 383 δὲ
661 342 731 382 καὶ
756 343 1039 396 νυκτομαχίην
1063 340 1159 383 τινὰ
1187 339 1485 398 ἐποιήσαντό]
1549 341 1646 383 δια-

279 413 463 467 φέρουσι
490 409 537 450 δέ
562 423 643 464 σφι
670 406 736 450 ἐπ’
760 408 856 465 ἰ’σης
883 407 957 451 τὸν
982 408 1176 462 πόλεμον
1200 413 1260 465 τῷ
1289 409 1393 466 ἕκτῳ
1427 409 1513 452 ἔτεϊ
1538 424 1647 463 συμ-

275 478 408 533 βολῆς
431 478 658 531 γενομένης
685 476 900 531 συνήνεικε
933 472 1046 518 ὥστε
1076 480 1150 532 τῆς
1179 477 1319 534 μάχης
1351 476 1646 554 συνεστεώσης

277 544 352 599 τὴν
377 541 536 600 ημέρην
562 542 768 598 ἐξαπίνης
793 543 922 585 νύκτα
946 546 1166 599 γενέσθαι.
1203 543 1280 600 τὴν
1312 545 1359 587 53
1377 546 1538 599 μεταλλ
1543 561 1646 623 αγην

277 610 433 667 ταύτην
458 615 533 667 τῆς
557 609 716 668 ημέρης
738 612 875 666 Θαλῆς
901 609 923 653 5
944 611 1156 667 Μιλήσιος
1180 620 1298 654 τοῖσι
1308 610 1428 655 ”Ιωσι
1454 611 1646 668 προηγό-

277 694 403 733 ρευσε
429 677 632 730 ε’σεσθαι,
667 679 795 736 οὖρον
820 682 1045 735 προάεμει
1050 696 1096 730 ος
1122 678 1314 722 ἐνιαυτὸν
1339 684 1492 722 τοῦτον
1518 678 1560 721 ἒν
1584 682 1646 735 τῶ

279 745 331 802 δὴ
358 747 430 788 καὶ
456 745 620 801 ἐγένετο
646 743 671 802 ἡ
697 747 1012 803 μεταβολή.οἷ
1038 747 1083 789 53
1108 748 1250 790 Λυδοί
1273 764 1319 789 τε
1344 748 1416 789 καὶ
1444 746 1486 788 οἳ
1503 747 1647 803 Μῆδοι

278 813 424 857 ἐπείτε
456 811 570 856 εἶδον
600 814 730 856 νύκτα
761 812 847 856 ἀντ’
871 812 1028 872 ἡμέρης
1058 819 1291 871 γινομένην,
1324 819 1400 871 τῆς
1431 814 1570 870 μάχης
1599 831 1646 857 τε

281 881 528 925 ἐπαύσαντο
548 883 619 924 καὶ
638 882 803 936 μᾶλλόν
821 900 864 925 τι
884 881 1101 926 ἔσπευσαν
1122 884 1191 925 καὶ
1214 881 1459 940 ἀμφότεροι
1480 880 1645 939 εἰρήνην

278 949 482 992 ἑωυτοῖσι
517 953 737 1006 γενέ.σθαι
801 966 842 991 οι
876 950 921 992 53
962 951 1309 1005 συμβιβάσαντες
1346 949 1502 1000 αὐτοὺς
1537 943 1646 1006 ἦσαν

280 1018 384 1069 οίδε,
410 1021 632 1068 Συέννεσίς
656 1034 702 1060 τε
729 1015 751 1060 5
777 1019 905 1070 Κίλιξ
927 1019 999 1060 καὶ
1024 1019 1276 1074 Λαβύνητος
1303 1016 1325 1060 5
1351 1018 1644 1073 Βαβυλώνιος.

279 1086 403 1128 ουτοί
427 1101 508 1142 σφι
533 1087 604 1128 καὶ
629 1084 678 1129 τὸ
707 1082 850 1143 ὅρκιον
872 1085 914 1127 οἱ
935 1085 1201 1137 σπεύσαντες
1220 1089 1428 1142 γενέσθαι
1451 1087 1556 1141 ἦσαν
1575 1087 1646 1127 καὶ

277 1154 427 1208 γάιιων
443 1152 717 1210 ἔπαλλαγην’
701 1157 930 1209 ετοίησαν·
951 1152 1018 1196 ἶίλ
1009 1154 1177 1211 υάττην
1197 1152 1276 1210 γὰρ
1293 1153 1480 1209 ἔγνωσαν
1496 1154 1647 1196 δοῦναι

278 1220 352 1276 τὴν
366 1224 588 1277 θυγατέρα
598 1219 785 1278 Άρύηνιν
795 1219 1018 1277 Ἀστυάγεϊ
1035 1226 1096 1278 τῷ
1112 1222 1348 1278 Κυαξάρεω
1369 1222 1518 1264 παιδί’
1546 1219 1644 1264 ἄνευ

277 1288 357 1346 γὰρ
390 1287 621 1344 ἀναγκαίης
653 1289 827 1345 ἰσχυρῆς
859 1289 1098 1344 συμβάσιες
1125 1289 1297 1346 ἰσχυραὶ
1329 1286 1406 1331 ούκ
1438 1288 1645 1332 ἐθέλουσι.

279 1359 520 1410 συμμένειν.
571 1353 696 1411 ὅρκια
723 1357 769 1398 δὲ
794 1360 995 1399 ποιέεται
1020 1361 1155 1399 ταῦτα
1179 1356 1233 1400 τὰ
1259 1357 1391 1399 ἔθνεα
1415 1357 1469 1399 τά
1496 1360 1578 1413 πέρ
1599 1373 1646 1400 τε

267 1420 475 1479 (Έλληνες,
503 1426 575 1466 καὶ
600 1423 712 1480 πρὸς
730 1424 939 1476 τούτοισι,
969 1423 1100 1467 ἐπεὰν
1119 1424 1216 1475 τοὺς
1238 1428 1471 1480 βραχίονας
1493 1424 1647 1467 ἐπιτά-

277 1508 446 1546 μωνται
472 1491 514 1542 ἐς
538 1491 612 1547 τὴν
639 1490 882 1548 ὁμοχροίην,
917 1491 966 1535 τὸ
994 1491 1103 1546 αἷμα
1129 1490 1404 1545 ἀναλείχουσι
1435 1490 1644 1548 ἀλλήλων.

367 1562 526 1602 Τοῦτον
554 1558 603 1615 δὴ
632 1553 690 1602 ὦν
714 1558 788 1602 τὸν
803 1558 1036 1615 Ἀστυάγεα
1057 1564 1199 1615 Κῦρος
1217 1559 1352 1602 ἐόντα
1377 1559 1540 1602 ἑωυτοῦ
1564 1577 1647 1616 μη-

276 1627 531 1683 τροπάτορα
562 1627 976 1684 καταστρεψάμενος
1008 1626 1103 1681 ἔσχε
1135 1626 1187 1670 δι’
1212 1627 1351 1684 αἰτίην
1382 1626 1456 1684 τὴν
1489 1626 1570 1682 ἐγώ
1604 1625 1645 1670 ἓν

276 1703 393 1738 τοῖσι
414 1692 559 1737 ὀπίσω
580 1694 751 1750 λόγοισι
771 1698 990 1752 σημανέω·
1016 1695 1071 1739 τὰ
1084 1702 1272 1752 Κροῖσος
1293 1695 1647 1752 ἐπιμεμφόμενος

277 1782 338 1819 τι)
359 1763 488 1819 Κύρω
517 1762 559 1813 ἔς
582 1779 628 1805 τε
653 1762 707 1805 τὰ
730 1764 972 1820 χρηστήρια
999 1763 1169 1818 ἔπεμπε
1195 1763 1234 1806 εἰ
1260 1763 1546 1820 στρατεύηται
1572 1761 1648 1806 ἐπὶ

277 1834 466 1887 Πέρσας,
493 1832 565 1873 καὶ
592 1829 641 1886 δη
667 1833 739 1873 καὶ
766 1829 1030 1886 ἀπικομένου
1055 1836 1249 1914 χρησμοῦ
1276 1831 1493 1910 κιβδήλου,
1523 1830 1644 1874 ἐλπί-

279 1915 393 1949 σας
384 1897 496 1955 πρὸς
522 1897 685 1941 ἑωυτοῦ
717 1898 790 1941 τὸν
819 1898 1012 1957 χρησμὸν
1039 1898 1160 1951 εἶναι,
1190 1899 1470 1955 ἐστρατεύετο
1504 1898 1546 1949 ἐς
1570 1916 1645 1955 την

277 1970 478 2022 Περσέων
502 1975 671 2023 μοῖραν.
723 1965 781 2017 ὠς
814 1968 860 2009 53
892 1965 1072 2010 ἀπίκετο
1100 1967 1174 2010 ἐπὶ
1198 1966 1272 2009 τὸν
1294 1964 1412 2009 Ῑὲίλυν
1444 1966 1645 2020 ποταμὸν

279 2032 302 2077 5
318 2041 517 2090 Κροῖσος,
544 2033 593 2076 τὸ
610 2033 821 2086 ἐνθεῦτεν,
852 2033 910 2085 ὡς
923 2035 999 2088 μὲν
1015 2034 1095 2090 ἔγω
1119 2036 1240 2090 λέγω,
1262 2033 1371 2076 κατὰ
1389 2033 1467 2085 τὰς
1488 2034 1645 2085 ἐούσας

277 2102 469 2159 γεφύρας
501 2103 722 2156 διεβίβασε
754 2101 827 2145 τὸν
861 2103 1063 2159 στρατόν,
1104 2100 1163 2153 (ὃς
1195 2103 1241 2145 53
1274 2100 1296 2145 5
1324 2101 1487 2153 πολλὸς
1518 2102 1644 2158 λόγος

271 2168 496 2226 Ἑλλήνιον,
539 2171 676 2225 Θαλῆς
708 2170 749 2212 οἳ
781 2168 802 2211 5
834 2171 1047 2226 Μιλήσιος
1079 2171 1314 2225 διεβίβασε.
1378 2168 1645 2227 ἀπορέοντος

276 2237 357 2294 γὰρ
383 2241 573 2295 Κροίσου
601 2235 711 2288 ὅκως
738 2238 779 2280 οἵ
805 2239 1060 2294 διαβήσεται
1085 2237 1158 2281 τὸν
1184 2237 1383 2293 ποταμὸν
1410 2236 1432 2281 5
1460 2239 1644 2295 στρατός

279 2303 346 2360 (οὗ
372 2304 452 2362 γὰρ
480 2304 529 2362 δὴ
557 2303 666 2348 εἷναί
690 2323 748 2348 κω
776 2310 928 2349 τοῦτον
953 2305 1027 2349 τὸν
1051 2307 1202 2362 χρόνον
1227 2305 1305 2358 τὰς
1324 2306 1515 2364 γεφύρας
1540 2306 1645 2349 ταύ-

277 2374 372 2426 τας)
398 2374 566 2429 λέγεται
590 2374 810 2431 παρεόντα
834 2373 906 2416 τὸν
935 2376 1070 2430 Θαλῆν
1097 2374 1138 2417 ἐν
1156 2379 1216 2431 τῷ
1238 2375 1520 2431 στρατοπέδῳ
1543 2391 1645 2417 ποι-

277 2445 382 2498 ῆσαι
408 2439 525 2498 αὐτῷ
550 2440 625 2485 τὸν
650 2441 850 2496 ποταμὸν
884 2441 929 2494 ἐξ
958 2440 1186 2499 ἀριστερῆς
1214 2442 1358 2499 χειρὸς
1389 2444 1541 2500 ῥέοντα
1565 2446 1643 2485 τοῦ

279 2513 465 2566 στρατοῦ
490 2511 563 2552 καὶ
589 2509 633 2552 ἐκ
659 2510 800 2566 δεξιῆς
820 2511 941 2567 ῥέειν,
971 2514 1156 2567 ποιῆσαι
1176 2511 1222 2553 δὲ
1242 2505 1347 2553 ὦδε·
1376 2509 1547 2553 ἄνωθεν
1566 2514 1643 2552 τοῦ

279 2579 576 2633 στρατοπέδου
593 2576 830 2635 ἀρξάμενον
846 2578 1036 2635 διώρυχα
1047 2583 1219 2634 βαθέαν
1240 2577 1454 2636 ὀρύσσειν,
1483 2577 1643 2633 ἄγοντα

275 2646 518 2701 μηνοειδέα,
547 2642 657 2697 ὅκως
677 2644 727 2688 ἂν
745 2644 794 2689 τὸ
818 2647 1112 2702 στρατόπεδον
1135 2647 1356 2702 ἱδρυμένον
1375 2644 1483 2688 κατὰ
1503 2645 1640 2688 νώτου

276 2712 422 2768 λάβοι,
466 2714 599 2771 ταύτῃ
638 2712 746 2757 κατὰ
781 2714 856 2771 τὴν
894 2714 1084 2772 διώρυχα
1123 2714 1440 2771 ἐκτραπόμενος
1476 2712 1520 2756 ἐκ
1556 2718 1641 2756 τιῦν
