1794 3282
231 826 266 851 31

233 1569 267 1593 32

237 1974 271 1999 33

284 265 368 307 256
689 270 1008 305 ΗΡΟΔΟΤΟΥ
1038 270 1079 304 Δ.
1105 269 1250 304 30-33.

286 340 384 385 οὕτε
409 343 580 395 ψυχροῦ
599 342 676 381 τοῦ
694 339 837 397 χώρου
860 338 1005 390 ἐόντος
1026 335 1124 381 οὔτε
1144 335 1274 380 ἄλλου
1298 342 1484 395 φανεροῦ
1506 336 1646 379 αἰτίου

286 407 471 457 οὐδενός.
533 407 645 463 φασὶ
672 406 718 448 δὲ
744 404 869 449 αὐτοὶ
892 404 1048 448 Ἠλεῖοι
1074 405 1118 448 ἐκ
1142 405 1329 462 κατάρης
1359 421 1430 447 τευ
1464 401 1513 447 οὗ
1539 406 1647 459 γίνε-

287 478 400 517 σθαι
425 476 554 530 σφίσι
578 471 797 529 ἡμιόνους.
860 470 948 516 ἀλλ’
967 472 1099 516 ἐπεὰν
1123 475 1285 528 προσίῃ
1317 469 1342 529 ἡ
1370 469 1457 528 ὥρη
1483 473 1648 514 κυΐσκε-

286 546 400 585 σθαι
434 539 513 592 τὰς
548 541 735 592 ἵππους,
781 539 1057 593 ἐξελαύνουσι
1101 539 1143 591 ἒς
1178 538 1280 590 τοὺς
1321 538 1651 595 πλησιοχώρους

287 608 438 661 αὐτάς,
477 610 549 651 καὶ
580 608 748 651 ἕπειτέν
785 624 867 665 σφι
904 607 946 651 ἕν
976 612 1027 665 τῇ
1059 612 1144 650 τῶν
1179 608 1315 658 πέλας
1354 605 1517 649 ἐπιεῖσι
1551 604 1651 656 τοὺς

289 674 431 727 ὄνους,
471 675 514 727 ἒς
544 675 567 719 ὃ
601 673 652 718 ἂν
684 679 822 729 σχῶσι
858 676 904 718 αἱ
940 675 1075 719 ἵπποι
1113 674 1155 719 ἒν
1190 678 1364 731 γαστρί·
1402 673 1568 717 ἔπειτεν
1607 673 1654 715 δὲ

292 742 435 787 ὀπίσω
463 741 770 786 ἀπελαύνουσι.

376 813 483 868 Περὶ
515 812 561 854 δὲ
591 815 678 854 τῶν
708 815 880 867 πτερῶν
910 814 996 853 τῶν
1027 811 1202 854 Σκύθαι
1234 811 1405 868 λέγουσι
1438 807 1654 851 ἀνάπλεον

292 877 402 922 εἶναι
426 878 500 922 τὸν
525 876 648 935 ἠέρα,
682 880 755 921 καὶ
777 878 942 921 τούτων
968 878 1123 921 εἵνεκεν
1149 876 1226 921 οὐκ
1251 876 1324 920 οἶά
1349 893 1394 920 τε
1421 874 1529 920 εἶναι
1557 873 1655 919 οὔτε

293 947 399 989 ἰδεῖν
428 945 479 989 τὸ
510 946 665 1001 πρόσω
695 950 771 1003 τῆς
801 944 983 1003 ἠπείρου
1019 943 1116 988 οὔτε
1154 946 1374 998 διεξιέναι,
1412 944 1537 1001 τήνδε
1574 943 1654 997 ἔχω

292 1016 395 1069 περὶ
426 1011 566 1057 αὐτῶν
595 1014 779 1070 γνώμην.
839 1013 894 1056 τὰ
931 1014 1183 1070 κατύπερθε
1213 1013 1372 1070 ταύτης
1406 1016 1481 1068 τῆς
1513 1011 1656 1069 χώρης

292 1082 379 1124 αἰεὶ
415 1085 604 1138 νίφεται,
645 1081 844 1124 ἐλάσσονι
884 1082 930 1123 δὲ
964 1086 1041 1124 τοῦ
1077 1084 1234 1137 θέρεος
1264 1079 1290 1137 ἢ
1321 1084 1397 1123 τοῦ
1430 1083 1652 1133 χειμῶνος,

293 1147 442 1206 ὥσπερ
481 1151 553 1191 καὶ
590 1148 726 1199 οἶκός·
770 1147 849 1205 ἤδη
889 1142 946 1192 ῶν
984 1146 1105 1199 ὅστις
1141 1146 1330 1204 ἀγχόθεν
1362 1147 1488 1201 χιόνα
1524 1144 1655 1203 ἁδρὴν

292 1221 544 1260 πίπτουσαν
565 1214 664 1268 εἶδε,
689 1214 780 1259 οἶδε
804 1215 853 1258 τὸ
875 1218 996 1272 λέγω.
1036 1214 1125 1259 οἶκε
1149 1215 1229 1272 γὰρ
1255 1213 1278 1272 ἡ
1302 1213 1408 1268 χιὼν
1433 1223 1655 1269 πτεροῖσι·

295 1285 365 1326 καὶ
393 1282 466 1327 διὰ
489 1282 564 1326 τὸν
585 1288 777 1337 χειμῶνα
799 1288 951 1326 τοῦτον
983 1282 1109 1326 ἐόντα
1138 1288 1337 1327 τοιοῦτον
1369 1280 1572 1338 ἀνοίκητα
1601 1281 1656 1324 τὰ

292 1351 405 1407 πρὸς
423 1354 577 1407 βορέην
598 1351 689 1394 ἐστὶ
709 1355 784 1407 τῆς
807 1350 989 1408 ἠπείρου
1016 1351 1187 1408 ταύτης.
1225 1350 1279 1393 τὰ
1301 1345 1359 1393 ῶν
1379 1349 1519 1405 πτερὰ
1540 1349 1657 1392 εἰκά-

293 1419 442 1471 ζοντας
471 1417 545 1474 τὴν
578 1419 703 1471 χιόνα
738 1416 839 1469 τοὺς
868 1418 1047 1468 Σκύθας
1081 1435 1128 1461 τε
1163 1420 1236 1460 καὶ
1271 1417 1372 1469 τοὺς
1408 1422 1657 1474 περιοίκους

293 1487 427 1529 δοκέω
442 1487 590 1541 λέγειν.
622 1490 760 1528 ταῦτα
773 1488 850 1540 μέν
868 1503 940 1529 νυν
959 1484 1013 1528 τὰ
1026 1487 1194 1541 λέγεται
1211 1485 1463 1541 μακρότατα
1477 1485 1656 1541 εἴρηται.

373 1551 660 1611 Ὑπερβορέων
691 1554 737 1595 δὲ
768 1556 871 1611 πέρι
902 1550 1154 1610 ἀνθρώπων
1187 1550 1285 1595 οὕτε
1316 1570 1358 1595 τι
1383 1552 1557 1595 Σκύθαι
1587 1553 1657 1594 λε’-

291 1637 417 1678 γουσι
443 1618 541 1664 οὕτε
565 1622 678 1672 τινὲς
703 1619 827 1664 ἄλλοι
852 1625 938 1663 τῶν
968 1621 1101 1678 ταύτῃ
1135 1620 1380 1678 οἰκημένων,
1416 1620 1454 1663 εἰ
1484 1619 1542 1675 μὴ
1574 1617 1659 1675 ἄρα

288 1688 538 1746 Ἰσσηδόνες.
601 1687 659 1740 ῶς
691 1687 730 1731 δ’
749 1687 830 1743 ἐγὼ
858 1689 1011 1739 δοκέω,
1047 1687 1141 1731 οὐδ’
1161 1682 1283 1731 οὗτοι
1314 1690 1488 1744 λέγουσι
1515 1685 1658 1730 οὖδέν·

294 1757 436 1812 ἔλεγον
460 1756 540 1813 γὰρ
568 1755 618 1799 ἂν
643 1758 714 1799 καὶ
739 1756 928 1808 Σκύθαι,
964 1754 1022 1807 ῶς
1053 1758 1155 1813 περὶ
1185 1760 1270 1799 τῶν
1300 1756 1659 1813 μουνοφθάλμων

293 1827 479 1881 λέγουσι,
509 1822 597 1866 ἀλλ’
621 1822 805 1880 Ἡσιόδῳ
830 1824 907 1878 μὲν
933 1823 1025 1867 ἔστι
1044 1826 1144 1881 περὶ
1159 1822 1423 1881 ’Υπερβορέω
1444 1824 1656 1881 εἰρημένα,

295 1892 388 1936 ἐ’στι
426 1893 473 1935 δὲ
508 1894 579 1935 καὶ
613 1890 773 1949 Ὁμήρῳ
811 1891 853 1934 ἓν
880 1889 1166 1947 Ἐπιγόνοισι,
1207 1892 1245 1935 εἰ
1282 1891 1332 1948 δὴ
1370 1896 1431 1948 τῷ
1464 1891 1578 1935 ἐόντι
1612 1908 1658 1947 γε

286 1958 465 2017 Ὅμηρος
495 1964 631 2002 ταῦτα
660 1958 715 2001 τὰ
741 1958 849 2001 ἔπεα
881 1959 1074 2015 ἐποίησε.
1135 1961 1286 2015 πολλῷ
1319 1958 1367 2002 δέ
1400 1977 1441 2001 τι
1473 1961 1659 2002 πλεῖστα

297 2030 399 2083 περὶ
432 2025 572 2069 αὐτῶν
598 2026 750 2083 Δήλιοι
781 2028 972 2082 λέγουσι,
1012 2027 1201 2083 φάμενοι
1233 2025 1304 2083 ἱρὰ
1338 2026 1586 2080 ἐνδεδεμένα
1619 2025 1660 2068 ἒν

297 2094 466 2150 καλάμῃ
492 2098 642 2149 πυρῶν
669 2092 714 2144 ἒξ
732 2091 1019 2149 Ὑπερβορέων
1051 2094 1269 2151 φερόμενα
1302 2091 1592 2136 ἀπικνέεσθαι
1619 2093 1660 2144 ἒς

298 2161 487 2213 Σκύθας,
516 2158 606 2204 άπὸ
634 2161 679 2203 δὲ
697 2164 904 2203 Σκυθέων
929 2160 1008 2217 ἤδη
1037 2161 1290 2215 δεκομένους
1311 2160 1397 2204 αἰεὶ
1422 2160 1524 2212 τοὺς
1548 2162 1660 2217 πλη-

299 2229 538 2286 σιοχώρους
564 2227 769 2279 ἑκάστους
793 2229 981 2282 κομίζειν
1007 2227 1117 2271 αὐτὰ
1141 2228 1190 2271 τὸ
1217 2228 1330 2285 πρὸς
1355 2228 1540 2286 ἑσπέρης
1565 2227 1662 2271 ἕκα-

299 2297 442 2339 στάτω
481 2295 555 2338 ἐπὶ
590 2294 664 2338 τὸν
695 2294 877 2352 Ἀδρίην,
925 2296 1125 2339 ἐνθεῦτεν
1163 2297 1209 2339 δὲ
1245 2296 1357 2351 πρὸς
1391 2299 1662 2352 μεσαμβρίην

299 2363 652 2421 προπεμπόμενα
676 2364 877 2418 πρώτους
903 2364 1192 2415 Δωδωναίους
1206 2362 1412 2421 Ἑλλήνιον
1439 2365 1658 2415 δέκεσθαι,

300 2430 390 2474 άπὸ
424 2432 471 2474 δὲ
500 2432 665 2474 τούτων
695 2434 968 2485 καταβαίνειν
1000 2431 1075 2474 ἐπὶ
1104 2431 1179 2475 τὸν
1205 2433 1372 2488 Μηλιέα
1403 2432 1566 2475 κόλπον
1591 2433 1662 2474 καὶ

301 2499 652 2555 διαπορεύεσθαι
683 2498 726 2550 ἐς
756 2496 962 2554 Εὔβοιαν,
997 2500 1127 2543 πόλιν
1157 2516 1203 2542 τε
1236 2499 1278 2550 ἐς
1310 2500 1440 2543 πόλιν
1471 2503 1661 2554 πέμπειν

299 2571 421 2624 μέχρι
436 2567 677 2623 Καρύστου,
697 2563 747 2609 τὸ
770 2564 910 2609 δ’άπὸ
931 2567 1088 2624 ταύτης
1108 2565 1493 2624 ἔκλιπεῖνὲίνδρον·
1519 2574 1663 2621 Καρυ-

301 2640 447 2685 στίους
470 2634 549 2691 γὰρ
577 2632 685 2677 εἶναι
710 2633 809 2685 τοὺς
833 2634 1085 2688 κομίζοντας
1111 2634 1154 2686 ἒς
1177 2639 1318 2691 Τῆνον,
1351 2638 1526 2690 Τηνίους
1553 2635 1599 2677 δὲ
1619 2634 1661 2684 ἒς

303 2705 454 2759 Δῆλον.
505 2701 793 2745 ἀπικνέεσθαι
817 2705 894 2755 μέν
918 2720 989 2745 νυν
1013 2707 1150 2745 ταῦτα
1173 2702 1228 2745 τὰ
1255 2701 1326 2758 ἱρὰ
1352 2699 1463 2745 οὕτω
1489 2703 1661 2758 λέγουσι

303 2771 345 2821 ἒς
366 2773 513 2827 Δῆλον,
543 2774 715 2826 πρῶτον
737 2770 782 2811 δὲ
801 2769 902 2820 τοὺς
916 2768 1220 2827 Ὑπερβορέους
1244 2773 1421 2825 πέμψαι
1442 2768 1659 2826 φερούσας
