1794 3282
142 533 189 559 142

206 242 296 284 238
591 248 663 282 ΗΡ
673 248 704 282 o
713 247 743 280 „x
753 246 783 280 O
793 246 824 279 T
834 245 864 280 Ο
874 246 905 279 Υ
933 245 974 278 Γ.
1000 245 1190 279 141--143,

215 318 416 375 στρατιήν
440 333 486 360 τε
510 318 581 358 καὶ
603 311 1014 371 στρατηγὸνὈτάνην
1035 311 1200 369 ἀνδρῶν
1217 318 1302 356 τῶν
1323 312 1435 356 ἔπτὰ
1453 311 1572 368 γενό-

213 402 351 440 μενον,
386 383 694 436 ἐντειλάμενος,
730 380 843 424 ὅσων
869 380 1030 437 ἐδεήθη
1064 378 1086 423 ὃ
1116 382 1328 432 Συλοσῶν,
1361 380 1498 423 ταῦτά
1531 378 1574 421 οἳ

212 452 382 496 ποιέειν
407 450 620 493 ἐπιτελέα.
656 447 847 504 καταβὰς
874 446 912 491 δ’
930 447 1005 491 ἐπὶ
1023 447 1100 504 τὴν
1119 449 1350 491 θάλασσαν
1369 446 1391 491 ὃ
1407 445 1574 503 Ὀτάνης

216 520 385 562 ἔστελλε
410 516 484 573 τὴν
511 517 727 573 στρατιήν.
770 521 846 573 τῆς
872 517 918 558 δὲ
942 516 1092 569 Σάμου
1121 516 1386 571 Μαιάνδριος
1411 513 1433 558 ὁ
1460 522 1576 557 Μαι-

216 587 389 641 ανδρίου
416 583 501 638 εἶχε
526 583 576 627 τὸ
602 585 776 639 κράτος,
811 583 1101 639 ἐπιτροπαίην
1131 581 1254 639 παρὰ
1279 582 1576 637 Πολυκράτεος

215 652 358 708 λαβὼν
400 652 475 709 τὴν
518 651 667 709 ἀρχήν·
714 656 775 708 τῷ
814 651 1075 707 δικαιοτάτῳ
1120 649 1286 707 ἀνδρῶν
1325 651 1574 705 βουλομένῳ

215 721 422 777 γενέσθαι
448 718 523 763 οὐκ
542 719 765 776 ἐξεγένετο.
803 717 954 775 ἐπειδὴ
974 719 1055 774 γάρ
1077 718 1119 760 οἱ
1139 718 1372 774 ἐξηγγέλθη
1395 715 1417 760 ὃ
1437 717 1579 760 Πολυ-

215 790 395 845 κράτεος
420 790 630 839 θάνατος,
665 786 811 830 ἐποίεε
834 786 1005 829 τοιάδε·
1037 790 1192 842 πρῶτα
1222 786 1300 839 μὲν
1326 784 1431 835 Διὸς
1463 783 1580 827 ἐλευ-

215 861 371 913 θερίου
396 854 545 911 βωμὸν
579 855 802 912 ἱδρύσατο,
836 856 908 897 καὶ
938 857 1111 908 τέμενος
1142 855 1244 907 περὶ
1276 850 1405 895 αὐτὸν
1432 849 1580 907 οὔρισε

217 929 346 968 τοῦτο
371 922 421 966 τὸ
447 928 518 966 νῦν
545 922 586 966 ἐν
611 927 671 979 τῷ
698 926 949 979 προαστείῳ
978 921 1088 964 ἐστί·
1119 920 1229 975 μετὰ
1255 921 1300 963 δὲ
1327 917 1386 971 ὥς
1413 920 1455 962 οἱ
1480 919 1582 963 ἐπε-

218 995 394 1047 ποίητο,
435 990 654 1046 ἐκκλησίην
687 993 939 1046 συναγείρας
970 990 1143 1032 πάντων
1175 993 1260 1031 τῶν
1291 986 1435 1031 ἇστιῦν
1467 987 1581 1040 ἔλεξε

217 1060 336 1102 τάδε.
381 1056 530 1112 “ἐμοί,
571 1056 629 1108 (ὃς
654 1058 747 1100 ἰ’στε
772 1059 844 1100 καὶ
874 1056 1016 1111 ὑμεῖς,
1058 1061 1272 1113 σκῆπτρον
1297 1057 1370 1098 καὶ
1402 1055 1582 1110 δύναμις

218 1131 343 1170 πᾶσα
367 1124 392 1182 ἡ
418 1126 715 1181 Πολυκράτεος
741 1125 1074 1180 ἐπιτέτραπται,
1109 1129 1180 1166 καί
1203 1140 1280 1178 μοι
1305 1126 1485 1179 παρέχει
1509 1127 1582 1166 νῦν

217 1192 359 1248 ὑμέων
392 1192 549 1249 ἄρχειν.
611 1192 692 1249 ἐγὼ
727 1193 773 1235 δὲ
801 1191 856 1235 τὰ
887 1197 948 1248 τῷ
975 1191 1110 1242 πέλας
1136 1191 1414 1248 ἐπιπλήσσω,
1450 1189 1582 1241 αὐτὸς

219 1260 328 1305 κατὰ
350 1261 528 1315 δύναμιν
543 1259 590 1304 οὗ
612 1261 805 1317 ποιήσω·
834 1258 930 1302 οὕτε
950 1260 1030 1316 γάρ
1044 1275 1119 1313 μοι
1133 1259 1411 1316 Πολυκράτης
1430 1257 1582 1316 ἤρεσκε

222 1329 446 1381 δεσπόζων
471 1327 636 1385 ἀνδρῶν
663 1326 824 1382 ὁμοίων
850 1327 1015 1383 ἑωυτῷ,
1051 1325 1147 1369 οὕτε
1179 1324 1309 1377 ἄλλος
1341 1324 1461 1377 ὅστις
1490 1342 1584 1369 τοι-

216 1402 331 1440 αῦτα
355 1400 512 1439 ποιέει.
572 1395 850 1450 Πολυκράτης
879 1398 956 1448 μέν
986 1412 1058 1436 νυν
1090 1394 1484 1450 ἐξέπλησε·μοῖραν
1508 1392 1584 1449 τὴν

222 1464 398 1515 ἑωυτοῦ,
428 1462 509 1519 ἐγὼ
537 1463 583 1505 δὲ
609 1462 650 1513 ἐς
674 1466 806 1516 μέσον
830 1461 907 1519 τὴν
928 1460 1059 1518 ἀρχὴν
1077 1463 1221 1511 τιθεὶς
1242 1461 1464 1516 ἰσονομίην
1484 1459 1584 1515 ὑμῖν

220 1531 520 1589 προαγορεύει).
557 1530 717 1573 τοσάδε
741 1533 887 1584 μέντοι
915 1530 1068 1572 δικαιῶ
1093 1528 1219 1585 γέρεα
1245 1528 1447 1584 ἐμεωυτῷ
1471 1532 1586 1584 γενέ-

223 1603 353 1650 σθαι,
389 1598 432 1641 ἐκ
456 1601 532 1652 μέν
556 1614 603 1654 γε
626 1602 712 1640 τῶν
736 1597 1036 1653 Πολυκράτεος
1057 1597 1288 1653 χρημάτων
1320 1596 1517 1652 ἐξαίρετα
1543 1597 1589 1649 ἐξ

221 1666 411 1710 τάλαντά
435 1683 513 1720 μοι
537 1669 756 1722 γενέσθαι,
797 1665 996 1723 ἱροσύνην
1022 1665 1069 1707 δὲ
1094 1664 1205 1720 πρὸς
1229 1665 1424 1708 τούτοισι
1445 1664 1588 1722 αἱρέο-

221 1751 302 1788 μαι
328 1732 446 1790 αὗτῴ
471 1737 518 1776 τέ
541 1750 618 1788 μοι
642 1735 714 1775 καὶ
738 1741 857 1775 τοῖσι
883 1730 956 1775 ἀπ’
976 1732 1076 1787 ἐμεῦ
1103 1733 1189 1775 αἰεὶ
1219 1736 1486 1788 γινομένοισι
1508 1737 1587 1775 τοῦ

224 1801 330 1853 Διὸς
360 1806 436 1844 τοῦ
469 1801 740 1856 ἐλευθερίου,
779 1805 840 1856 τῴ
874 1798 1003 1851 αὖτός
1033 1817 1078 1843 τε
1112 1799 1202 1856 ἱρὸν
1242 1801 1480 1857 ἱδρυσάμην
1515 1802 1589 1843 καὶ

223 1870 297 1926 τὴν
325 1869 574 1925 ἐλευθερίην
600 1867 700 1922 ὑμῖν
726 1866 1029 1925 περιτίθημι.”
1082 1867 1103 1911 ὃ
1129 1870 1206 1922 μὲν
1233 1867 1283 1924 δὴ
1309 1873 1447 1911 ταῦτα
1469 1877 1589 1924 τοῖσι

224 1941 433 1991 Σαμίοισι
460 1937 761 1993 ἐπηγγέλλετο·
799 1941 883 1978 τιῦν
917 1937 964 1978 δέ
987 1953 1053 1986 τις
1079 1935 1315 1987 ἐξαναστὰς
1346 1934 1442 1979 εἷπε
1463 1933 1585 1978 (τᾶλλ’

227 2002 318 2046 οὐδ’
338 2002 459 2056 ἄξιος
484 2002 545 2054 εἷς
571 2004 622 2046 σύ
649 2021 695 2058 γε
720 2001 862 2059 ἡμέων
889 2002 1045 2058 ἄρχειν,
1073 2005 1258 2059 γεγονώς
1282 2020 1328 2046 τε
1352 2007 1492 2054 κακῶς
1516 2005 1588 2045 καὶ

226 2070 306 2113 ἐὼν
333 2068 538 2127 ὄλεθρος·
566 2069 674 2112 ἀλλὰ
698 2072 861 2124 μᾶλλον
887 2068 998 2120 ὅκως
1023 2071 1148 2125 λόγον
1175 2071 1331 2121 δώσεις
1356 2075 1441 2113 τῶν
1465 2087 1590 2124 μετε-

154 2151 201 2176 143
222 2142 417 2194 χείρισας
444 2135 714 2194 χρημάτων.”
771 2143 908 2180 ταῦτα
940 2136 1036 2181 εἷπε
1070 2137 1150 2180 ἐιὺν
1183 2137 1224 2180 ἐν
1260 2146 1377 2180 τοῖσι
1415 2136 1589 2181 ἀστοῖσι

228 2206 416 2259 δόκιμος,
444 2209 505 2261 τῷ
533 2204 696 2259 οὕνομα
720 2199 769 2261 ἧν
799 2207 1074 2262 Τελέσαρχος.
1135 2206 1405 2262 Μαιάνδριος
1432 2207 1478 2248 δὲ
1502 2207 1588 2262 νόῳ

226 2272 370 2327 λαβὼν
403 2271 461 2323 (ὗς
497 2273 536 2315 εἰ
571 2271 747 2329 μετήσει
777 2272 852 2330 τὴν
884 2272 1032 2330 ἀρχήν,
1072 2271 1201 2324 ἄλλος
1238 2290 1305 2323 τις
1341 2271 1434 2316 ἄντ’
1458 2272 1590 2317 αὐτοῦ

224 2342 430 2397 τύραννος
458 2341 794 2397 καταστήσεται,
835 2339 883 2383 οὗ
919 2341 968 2398 δὴ
1004 2341 1067 2384 ἔτι
1101 2341 1142 2384 ἐν
1167 2342 1253 2397 νόῳ
1282 2339 1367 2394 εἶχε
1398 2344 1593 2395 μετιέναι

227 2407 369 2465 αὐτήν,
398 2406 487 2450 ἀλλ’
505 2405 564 2459 ὦς
589 2406 831 2466 ἀνεχώρησε
858 2408 900 2459 ἐς
924 2408 998 2465 τὴν
1025 2407 1275 2469 ἀκρόπολιν,
1302 2409 1592 2463 μεταπεμπό-

226 2493 352 2531 μενος
390 2475 463 2518 ἕνα
494 2475 672 2519 ἕκαστον
704 2475 763 2527 ὠς
795 2475 845 2533 δὴ
878 2478 1004 2533 λόγον
1039 2481 1126 2520 τῶν
1161 2477 1391 2532 χρημάτων
1424 2477 1590 2527 δώσων,

230 2545 435 2598 συνέλαβέ
460 2559 597 2601 σφεας
622 2546 694 2586 καὶ
717 2545 937 2600 κατέδησε.
995 2544 1036 2587 οἱ
1060 2545 1136 2598 μὲν
1162 2544 1212 2601 δὴ
1240 2544 1451 2596 ἐδεδέατο,
1478 2552 1594 2587 Μαι-

230 2612 402 2667 άνδριον
429 2612 476 2654 δὲ
499 2611 609 2665 μετὰ
633 2615 771 2654 ταῦτα
795 2614 1004 2666 κατέλαβε
1029 2617 1195 2663 νοῦσος.
1247 2611 1432 2664 ἐλπίζων
1453 2612 1501 2654 δέ
1518 2629 1591 2666 μιν

230 2677 571 2722 ἀποθανέεσθαι
608 2677 630 2722 ὁ
670 2677 902 2736 ἀδελφεός,
939 2684 1000 2735 τῷ
1041 2677 1204 2734 οὕνομα
1239 2674 1288 2735 ἦν
1324 2679 1588 2737 Λυκάρητος,

230 2747 301 2789 ἵνα
338 2744 657 2803 εὖπετεστέρως
692 2747 882 2804 κατάσχῃ
919 2746 972 2790 τὰ
1011 2746 1052 2790 ἐν
1088 2751 1140 2804 τῇ
1171 2748 1306 2803 Σάμῳ
1344 2748 1588 2804 πρήγματα,
