1794 3282
260 252 346 294 274
669 258 983 294 ΗΡΟΔΟΤΟΥ
1013 260 1056 293 Δ.
1085 259 1139 293 79.
1162 259 1221 294 80.

260 330 473 387 πρότερον
498 329 662 371 τούτων
693 328 859 383 μνήμην
891 325 1015 380 εἶχον,
1048 326 1122 383 τὴν
1153 330 1283 384 πέριξ
1311 329 1461 371 λευκοῦ
1493 329 1623 369 λίθου

263 400 440 453 σφίγγες
458 412 505 439 τε
524 397 770 451 καὶγρῦπες
785 395 988 438 ἕστασαν·
1016 394 1059 446 ἔς
1075 395 1233 451 ταύτην
1255 393 1276 438 ὁ
1297 395 1404 447 θεὸς
1419 395 1626 450 ἐνέσκηψε

259 465 398 518 βέλος.
448 465 520 506 καὶ
546 461 569 520 ἡ
595 464 670 517 μὲν
696 463 879 519 κατεκάη
906 467 1043 514 πᾶσα,
1071 463 1236 519 Σκύλης
1258 463 1303 505 δὲ
1324 460 1447 506 οὐδὲν
1466 462 1623 505 τούτου

262 531 415 574 εἵνεκεν
442 531 568 574 ἕσσον
595 531 820 574 ἐπετέλεσε
845 529 918 587 την
943 530 1129 586 τελετήν.
1166 530 1341 574 Σκύθαι
1361 531 1406 573 δὲ
1425 534 1502 572 τοῦ
1521 533 1627 584 βακ-

258 599 398 653 χεύειν
424 603 527 656 πέρι
542 596 716 655 Ἕλλησι
742 597 1020 651 ὀνειδίζουσι·
1054 596 1101 641 ού
1128 598 1210 655 γάρ
1237 614 1348 655 ᾳασι
1376 596 1491 648 οἰκὸς
1517 594 1627 639 εἶναι

262 665 369 710 θεὸν
396 667 651 723 ἐξευρίσκειν
675 671 828 710 τοῦτον
860 664 982 717 ὅστις
1013 670 1253 720 μαίνεσθαι
1285 665 1424 722 ἐνάγει
1451 663 1628 719 ἆνθριύ-

260 751 386 786 πους.
426 734 569 778 ἐπείτε
597 735 642 777 δὲ
669 733 874 791 ἐτελέσθη
901 738 962 791 τῷ
982 738 1176 791 Βακχείῳ
1205 731 1423 789 ὅΣκύλης,
1452 733 1476 775 δ
1486 733 1592 788 ιέδρ
1604 749 1627 788 η

263 801 502 846 ἐνθεῦτεν
533 807 617 845 τῶν
654 819 720 854 τις
749 805 1129 860 Βορυσθενεϊτέων
1167 801 1279 858 πρὸς
1314 800 1415 852 τοὺς
1451 800 1630 850 Σκύθας

262 872 394 926 λέγων
415 868 547 926 ((ἦμῖν
572 869 652 927 γὰρ
678 871 957 926 καταγελᾶτε,
988 864 1021 912 ὦ
1047 869 1239 922 Σκύθαι,
1274 866 1343 913 ὅτι
1366 868 1628 924 βακχεύομεν

261 940 333 981 καὶ
360 936 492 994 ἡμέας
519 935 540 981 ὁ
567 937 675 990 θεὸς
700 938 930 992 λαμβάνει·
963 942 1034 981 νῦν
1061 931 1188 989 οὗτος
1214 935 1236 980 ὁ
1265 938 1430 992 δαίμων
1456 938 1526 979 καὶ
1552 934 1627 978 τὸν

264 1004 467 1062 ὑμέτερον
502 1008 687 1060 βασιλέα
724 1006 948 1062 λελάβηκε,
987 1007 1059 1048 καὶ
1094 1005 1295 1060 βακχεύει
1329 1007 1401 1048 καὶ
1432 1003 1520 1047 ὕπὸ
1551 1007 1628 1047 τοῦ

262 1078 373 1116 θεοῦ
405 1078 620 1127 μαίνεται.
676 1073 715 1116 εἰ
747 1073 794 1116 δέ
821 1089 899 1127 μοι
931 1071 1178 1125 ἀπιστέετε,
1214 1073 1399 1125 ἕπεσθε,
1432 1074 1503 1115 καὶ
1529 1070 1628 1126 ὑμῖν

264 1140 346 1197 ἐγὼ
379 1139 525 1193 δέξιο.”
579 1142 754 1185 εἵποντο
785 1145 870 1183 τῶν
894 1144 1102 1184 Σκυθέων
1134 1140 1176 1184 οἱ
1206 1144 1520 1197 προεστεῶτες,
1556 1140 1628 1182 καὶ

264 1206 421 1259 αὖτοὺς
458 1206 683 1265 ἀναγαγών
720 1206 741 1251 0‘
780 1211 1126 1264 Βορυσθενεΐτης
1163 1209 1307 1266 λάθρη
1353 1207 1428 1251 ἐπὶ
1464 1207 1627 1263 πύργον

263 1285 425 1319 κατῖσε.
481 1275 627 1319 ἐπείτε
659 1276 705 1318 δὲ
735 1277 896 1332 παρήιε
928 1275 1003 1319 σύν
1034 1281 1095 1332 τῴ
1126 1277 1277 1332 θιάσῳ
1312 1273 1334 1319 ὅ
1360 1275 1524 1331 Σκύλης
1554 1276 1626 1317 καὶ

264 1342 379 1387 εἶδόν
398 1361 470 1398 μιν
488 1343 750 1398 βακχεύοντα
772 1343 813 1385 οἱ
825 1344 1010 1395 Σκύθαι,
1038 1343 1174 1398 κάρτα
1196 1342 1421 1400 συμφορὴν
1440 1342 1627 1398 μεγάλην

265 1411 544 1467 ἐποιήσαντο,
585 1410 834 1462 ἐξελθόντες
867 1411 912 1453 δὲ
945 1409 1174 1466 ἐσήμαινον
1205 1410 1326 1466 πάσῃ
1363 1414 1414 1466 τῇ
1447 1413 1627 1466 στρατιῇ

205 1491 240 1517 80
262 1478 316 1521 τὰ
341 1479 489 1521 ἰ’δοιεν.
541 1476 600 1530 ὥς
626 1478 672 1520 δὲ
695 1476 805 1532 μετὰ
829 1482 967 1521 ταῦτα
992 1477 1192 1534 ἐξήλαυνε
1219 1475 1240 1520 ὁ
1262 1478 1425 1533 Σκύλης
1445 1476 1487 1528 ἒς
1511 1474 1627 1533 ἤθεα

262 1545 317 1589 τὰ
337 1545 513 1597 ἑωυτοῦ,
543 1545 584 1588 οἱ
602 1545 776 1589 Σκύθαι
795 1546 1147 1602 προστησάμενοι
1168 1543 1242 1589 τὸν
1263 1543 1475 1601 ἀδελφεὸν
1495 1543 1627 1587 αἰτοῦ

258 1612 577 1670 Ὀκταμασάδην
607 1613 813 1670 γεγονότα
845 1613 888 1656 ἐκ
916 1618 991 1669 τῆς
1020 1614 1164 1670 Τήρεω
1197 1613 1436 1670 θυγατρός,
1477 1612 1629 1656 ἐπανι-

265 1685 419 1725 στέατο
446 1686 507 1738 τῷ
533 1682 687 1738 Σκύλῃ.
744 1679 765 1725 0‘
800 1682 846 1724 δὲ
876 1680 1037 1735 μαθων
1067 1680 1117 1725 τὸ
1143 1682 1364 1738 γινόμενον
1397 1678 1462 1724 ἐπ’
1481 1679 1628 1737 ἑωυτῷ

262 1751 334 1792 καὶ
358 1748 432 1806 τὴν
459 1749 598 1805 αἰτίην
619 1747 671 1793 δι’
688 1749 737 1806 ἢν
757 1748 967 1801 ἐποιέετο,
994 1750 1258 1806 καταφεύγει
1279 1749 1321 1800 ἒς
1339 1747 1412 1805 τὴν
1434 1753 1628 1806 Θρηίκην.

263 1818 517 1872 πυθόμενος
557 1817 603 1860 δὲ
645 1815 667 1860 ὁ
700 1815 1018 1874 Ὀκταμασάδης
1058 1821 1196 1860 ταῦτα
1238 1816 1515 1875 ἐστρατεύετο
1554 1816 1629 1860 ἐπὶ

262 1885 336 1941 τὴν
365 1890 556 1941 Θρηίκην.
606 1884 750 1928 ἐπείτε
777 1886 823 1928 δὲ
855 1885 930 1928 ἐπὶ
955 1883 1182 1942 τῴἼστρῳ
1210 1884 1390 1941 ἐγένετο,
1423 1883 1630 1942 ᾗντίασάν

263 1971 335 2006 μιν
368 1953 410 1995 οἷ
442 1953 634 2009 Θρήικες,
677 1953 919 2006 μελλόντων
953 1953 998 1995 δὲ
1036 1951 1178 1996 αύτιῦν
1215 1953 1424 2008 συνάψειν
1455 1953 1630 2008 ἔπεμψε

264 2021 476 2075 Σιτάλκης
501 2019 622 2075 παρὰ
646 2019 720 2063 τὸν
741 2018 1057 2076 Ὀκταμασάδην
1088 2022 1220 2076 λέγων
1252 2018 1413 2063 τοιάδε.
1462 2018 1539 2062 “vi
1564 2021 1632 2062 δεῖ

263 2085 398 2143 ἡμέας
435 2084 626 2142 ἀλλήλων
663 2091 952 2144 πειρηθῆναις
990 2085 1051 2138 εἷς
1086 2092 1162 2141 μέν
1194 2104 1272 2141 μευ
1304 2092 1379 2143 τῆς
1417 2085 1630 2144 ἀδελφεῆς

266 2163 390 2205 παῖς,
431 2154 538 2207 ἔχεις
570 2154 617 2197 δέ
647 2171 725 2208 μευ
760 2153 984 2211 ἀδελφεόν.
1047 2156 1098 2198 σύ
1131 2153 1169 2197 τ’
1195 2154 1291 2209 ἐμοὶ
1324 2153 1494 2206 ἀπόδος
1529 2160 1629 2198 τοῦ-

263 2239 349 2274 τον,
381 2223 453 2264 καὶ
484 2221 566 2277 ἐγὼ
599 2227 669 2264 σοὶ
693 2221 766 2265 τὸν
805 2222 880 2266 σὸν
910 2224 1073 2279 Σκύλην
1104 2224 1408 2279 παραδίδωμι·
1449 2227 1628 2279 στρατιῇ

266 2291 311 2332 δὲ
336 2289 443 2346 μήτε
474 2288 524 2332 σὺ
556 2290 827 2346 κινδυνεύσης
855 2289 949 2347 μήτ’
968 2288 1091 2346 ἐγιύ.”
1153 2291 1289 2334 ταῦτά
1318 2291 1359 2333 οἱ
1390 2294 1574 2346 πέμψας
1605 2288 1628 2333 ὃ

263 2357 474 2414 Σιτάλκης
511 2356 864 2414 ἐπεκηρυκεύετο·
902 2352 950 2414 ἧν
985 2356 1065 2414 γὰρ
1098 2357 1220 2415 παρὰ
1250 2363 1310 2414 τῴ
1332 2356 1626 2415 Ὀκταμασάδῃ

266 2423 477 2482 ἀδελφεὸς
512 2426 730 2468 Σιτάλκεω
767 2425 999 2483 πεφευγώς
1040 2431 1205 2470 τοῦτον.
1279 2424 1300 2469 ὁ
1348 2427 1393 2469 δὲ
1425 2424 1628 2480 Ὀκταμαε

266 2494 401 2550 σάδης
435 2492 650 2536 καταινέει
685 2497 838 2545 ταῦτα,
880 2493 1028 2545 ἐκδοὺς
1065 2495 1111 2537 δὲ
1147 2493 1219 2537 τὸν
1257 2492 1419 2537 ἑωυτοῦ
1454 2494 1628 2552 μήτρων

265 2563 450 2618 Σιτάλκῃ
501 2560 626 2615 ἔλαβε
674 2560 747 2604 τὸν
796 2559 1006 2618 ἀδελφεὸν
1052 2562 1228 2618 Σκύλην.
1302 2564 1374 2605 καὶ
1415 2562 1628 2618 Σιτάλκης

265 2630 340 2682 μὲν
387 2628 654 2685 παραλαβών
701 2628 775 2672 τὸν
825 2627 1036 2686 ἀδελφεὸν
1091 2627 1302 2686 ἀπήγετο,
1359 2630 1530 2673 Σκύλεω
1581 2630 1629 2672 δὲ

261 2695 576 2752 Ὀκταμασάδης
602 2694 733 2739 αὗτοῦ
759 2697 893 2753 ταύτῃ
921 2695 1117 2752 ἀπέταμε
1143 2698 1218 2754 τὴν
1248 2699 1451 2754 κεφαλήν.
1513 2695 1627 2740 οὕτω

265 2765 339 2817 μὲν
381 2766 711 2818 περιστέλλουσι
752 2763 805 2807 τὰ
848 2768 1037 2824 σφέτερα
1078 2766 1241 2820 νόμαια
1275 2765 1465 2818 Σκύθαι,
1509 2773 1627 2808 τοῖσι
