1794 3282
212 364 244 388 65

215 1172 248 1196 66

218 1710 249 1735 67

218 2316 250 2340 (38

268 273 352 315 268
674 278 987 313 HPOAOTOY
1019 279 1058 312 A.
1084 279 1229 313 65-68.

269 351 422 393 ἵππων
447 347 750 405 περιφέρουσι.
789 351 926 390 ταῦτα
950 348 1026 401 μὲν
1054 345 1103 403 δὴ
1131 344 1244 389 οὕτω
1273 365 1352 404 σφι
1371 349 1633 404 νενόμισται,

269 416 403 467 αὗτὰς
429 416 475 457 δὲ
498 413 576 465 τὰς
600 414 805 495 κεφαλάς,
835 412 930 457 οῦτι
955 415 1131 457 πάντων
1158 413 1267 458 ἀλλὰ
1292 420 1376 459 τῶν
1403 416 1632 470 ἐχθίστων,

208 493 213 496 ’
269 487 449 526 ποιεῦσι
478 482 603 526 τάδε·
642 480 897 539 ἀποπρίσας
932 481 1147 538 [ἕκαστος]
1179 487 1267 525 πᾶν
1297 482 1346 526 τὸ
1374 483 1524 539 ἔνερθε
1548 489 1634 527 τῶν

270 549 446 607 ὀφρύων
477 549 750 628 ἐκκαθαίρει·
788 551 860 593 καὶ
896 547 945 605 ἢν
982 549 1058 603 μὲν
1094 551 1119 604 ᾖ
1158 549 1306 605 πένης,
1347 548 1444 593 ὁδ’
1469 551 1634 603 ἔξωθεν

270 615 492 673 ὠμοβοέην
516 618 676 672 μούνην
702 621 949 673 περιτείνας
976 613 1089 659 ου’τω
1113 633 1283 671 χραται,
1314 615 1360 673 ἢν
1388 618 1473 660 δὲ’
1451 636 1475 674 ῃ
1497 620 1556 661 πλ
1561 619 1634 661 ου’-

270 702 382 737 σιος,
415 684 489 741 τὴν
513 685 589 739 μὲν
616 684 839 740 ὠμοβοέην
864 688 1114 740 περιτείνει,
1150 683 1317 727 ἔσωθεν
1349 685 1395 727 δὲ
1425 701 1635 743 καταχρυ-

271 753 418 804 σώσας
451 749 563 795 οῧτω
593 756 752 808 χρᾶται
784 756 995 808 ποτηρίῳ.
1057 756 1233 794 ποιεῦσι
1264 752 1310 794 δὲ
1334 756 1463 795 τοῦτο
1493 754 1565 795 καὶ
1590 752 1635 795 ἐκ

270 825 354 863 τιῦν
381 820 554 876 οἰκηίων
579 819 628 876 ἦν
655 836 736 876 σφι
757 820 965 876 διάφοροι
985 824 1190 874 γένωνται
1209 821 1280 862 καὶ
1299 817 1348 875 ἢν
1369 819 1633 877 ἐπικρατήσῃ

272 887 403 931 αὐτοῦ
429 887 553 943 παρὰ
577 892 638 944 τῷ
663 887 850 942 βασιλέϊ.
912 889 1059 939 ξείνιον
1086 887 1133 929 δέ
1159 886 1199 929 οἱ
1231 886 1449 930 ἐλθόντων
1474 891 1558 930 τιῦν
1584 886 1636 930 ἂν

271 956 396 1011 λόγον
422 960 639 1011 ποιέηται,
666 953 746 1006 τὰς
765 954 956 1011 κεφαλὰς
975 955 1137 1005 ταύτας
1157 958 1416 1011 παραφέρει,
1444 956 1514 997 καὶ
1537 954 1636 998 ἐπι-

271 1025 384 1078 λέγει
421 1019 480 1073 ὥς
518 1023 560 1065 οἱ
598 1022 737 1073 ἐόντες
774 1022 932 1078 οἰκήιοι
969 1023 1160 1102 πόλεμον
1198 1023 1529 1079 προσεθήκαντο
1564 1025 1638 1065 καί

275 1106 420 1146 σφεων
446 1087 575 1141 αὐτὸς
602 1089 883 1145 ἐπεκράτησε,
916 1090 1073 1146 ταύτην
1100 1088 1397 1146 ἀνδραγαθίην
1428 1091 1633 1145 λέγοντες.

273 1155 395 1209 ἅπαξ
419 1157 466 1200 δὲ
489 1161 565 1199 τοῦ
593 1156 789 1200 ἐνιαυτοῦ
817 1156 998 1200 ἑκάστου
1026 1155 1048 1199 ὁ
1075 1158 1289 1212 νομάρχης
1315 1157 1493 1208 ἕκαστος
1513 1156 1554 1199 ἐν
1572 1161 1635 1213 τιῦ

274 1225 436 1267 ἑωυτοῦ
466 1228 584 1281 νομιῦ
615 1229 737 1281 κιρνᾷ
767 1229 955 1282 κρητῆρα
987 1225 1124 1275 οίνου,
1164 1223 1237 1267 ἀπ
1263 1225 1310 1267 οὑ
1343 1241 1519 1268 πινουσι
1549 1229 1636 1267 τιῦν

273 1296 478 1335 Σκυθέων
515 1301 632 1335 τοῖσι
709 1291 859 1346 α’νδρες
948 1293 1154 1346 πολέιιιοι
1192 1290 1473 1348 ἀραιρημένοι
1511 1292 1634 1334 ε’·ιυσι

272 1368 389 1403 τοῖσι
416 1357 454 1402 δ’
474 1356 524 1402 ἂν
555 1377 612 1415 μη
645 1362 982 1438 κατεργασμένον
1011 1353 1037 1416 ᾗ
1068 1363 1214 1410 τοῦτο,
1249 1356 1297 1400 οὗ
1329 1359 1528 1413 γεύονται
1557 1363 1635 1402 τοῦ

274 1428 389 1470 οίνου
421 1426 595 1476 τούτου,
630 1423 719 1467 ἀλλ’
742 1424 1007 1481 ἠτιμωμένοι
1039 1424 1355 1468 ἀποκατέαται·
1395 1423 1558 1477 ὄνειδος
1590 1427 1637 1469 δέ

275 1498 357 1551 σφί
388 1494 478 1536 ἐστι
508 1496 710 1548 μέγιστον
740 1497 882 1536 τοῦτο.
939 1490 1037 1536 ὅσοι
1070 1493 1115 1535 δὲ
1148 1491 1198 1534 ἂν
1231 1490 1370 1535 αὐτῶν
1400 1496 1471 1536 καὶ
1501 1494 1637 1550 κάρτα

272 1560 463 1611 πολλοὺς
488 1558 646 1615 ἄνδρας
672 1558 954 1616 ἀραιρηκότες
980 1560 1097 1611 ἔωσι,
1127 1553 1247 1602 οῦτοι
1274 1560 1319 1602 δὲ
1346 1560 1501 1604 σύνδυο
1522 1562 1638 1604 κύλι-

274 1646 350 1680 κας
377 1628 542 1681 ἔχοντες
568 1631 745 1670 πίνουσι
772 1626 897 1681 ὁμοῦ.

360 1696 547 1746 Μάντιες
590 1695 636 1737 δὲ
672 1698 879 1738 Σκυθέων
924 1695 1006 1738 εἶσὶ
1052 1696 1227 1746 πολλοί,
1273 1697 1317 1737 οἳ
1355 1697 1638 1749 μαντεύονται

274 1764 478 1821 ῥάβδοισι
505 1762 683 1819 ἰτεΐνῃσι
709 1764 897 1819 πολλῇσι
924 1756 1022 1806 ὦδε.
1068 1761 1199 1805 ἐπεὰν
1225 1764 1439 1819 φακέλους
1465 1765 1637 1821 ῥάβδων

272 1831 485 1886 μεγάλους
506 1829 760 1881 ἐνείκωνται,
789 1835 939 1882 θέντες
956 1832 1091 1884 χαμαὶ
1114 1831 1445 1883 διεξειλίσσουσι
1465 1830 1635 1884 αὐτούς,

274 1900 345 1940 καὶ
371 1897 443 1940 ἐπὶ
469 1888 572 1951 μίαν
598 1897 778 1954 ἑκάστην
811 1898 971 1954 ῥάβδον
996 1898 1192 1949 τιθέντες
1224 1899 1506 1952 θεσπίζουσι,
1547 1896 1637 1954 ἅμα

273 1982 319 2008 τε
350 1967 542 2043 λέγοντες
573 1970 711 2008 ταῦτα
749 1968 1014 2008 συνειλέουσι
1050 1965 1127 2016 τὰς
1165 1966 1351 2022 ῥάβδους
1384 1964 1527 2010 ὀπίσω
1565 1968 1637 2009 καὶ

276 2026 398 2082 αὖτις
429 2031 536 2074 κατὰ
567 2037 670 2085 μίαν
702 2036 961 2075 συντιθεῖσι.
1025 2029 1130 2088 αύτη
1162 2037 1238 2086 μέν
1276 2049 1355 2110 σφι
1392 2032 1416 2089 ἡ
1454 2033 1633 2090 μαντικὴ

275 2103 473 2155 πατρωίη
501 2097 604 2150 ἐστί,
634 2098 675 2140 οἱ
702 2098 784 2140 δὲ’
767 2100 934 2155 ενάρεες
961 2116 1002 2141 οι
1022 2097 1275 2154 ανδρόγυνοι
1294 2118 1368 2155 την
1386 2098 1637 2157 Αφροδίτην

275 2182 356 2222 σφι
389 2168 560 2221 λέγουσι
589 2165 792 2221 μαντικὴν
830 2167 998 2209 δοῦναι
1036 2167 1220 2223 φιλύρης
1258 2168 1316 2209 (ὗν
1353 2169 1495 2224 φλοιῷ
1530 2186 1637 2222 μαν-

273 2234 483 2276 τεύονται.
540 2233 670 2276 ἐπεὰν
694 2251 770 2289 την
796 2234 980 2289 φιλύρην
1004 2238 1129 2289 τρίχα
1155 2250 1298 2290 σχιση,
1327 2235 1614 2278 διαπλέκων’
1595 2253 1638 2278 εν

275 2310 390 2344 τοῖσι
417 2301 666 2343 δακτύλοισι
689 2310 805 2344 τοῖσι
826 2301 987 2343 ἑωυτοῦ
1009 2303 1080 2343 καὶ
1101 2302 1289 2344 διαλύων
1306 2307 1400 2359 χρᾷ.
1441 2301 1571 2346 ἐπεὰν
1592 2304 1637 2346 δὲ

274 2367 479 2424 βασιλεὺς
511 2366 533 2410 ὃ
559 2368 765 2412 Σκυθέων
797 2369 929 2425 κάμῃ,
968 2373 1303 2422 μεταπέμπεται
1332 2374 1418 2411 τιῦν
1447 2375 1638 2424 μαντίων

278 2435 436 2492 ἄνδρας
459 2444 575 2491 τρεῖς
599 2435 700 2486 τοὺς
731 2434 1057 2490 εὐδοκιμέοντας
1087 2435 1297 2490 μάλιστα,
1333 2440 1376 2480 οἳ
1399 2437 1550 2494 τρόπῳ
1576 2442 1638 2494 τῷ

276 2505 482 2560 εἰρημένῳ
508 2504 811 2557 μαντεύονται·
849 2506 920 2546 καὶ
951 2506 1124 2560 λέγουσι
1159 2499 1280 2547 οῦτοι
1312 2502 1371 2555 ὥς
1395 2504 1445 2547 τὸ
1473 2504 1638 2548 ἐπίπαν

275 2573 466 2626 μάλιστα
496 2572 619 2623 τάδε,
660 2569 719 2622 ὥς
754 2571 832 2622 τὰς
867 2573 1099 2629 βασιληίας
1137 2572 1277 2623 ἱστίας
1314 2571 1553 2630 ἐπιώρκηκε
1591 2572 1639 2623 ὃς

275 2641 347 2682 καὶ
377 2637 444 2691 ὃς,
482 2640 674 2693 λέγοντες
703 2643 789 2681 τῶν
821 2637 964 2682 ἀστῶν
995 2638 1069 2682 τὸν
1096 2637 1146 2682 ἂν
1182 2638 1231 2695 δὴ
1258 2641 1428 2695 λέγωσι.
1486 2639 1566 2691 τὰς
1592 2640 1639 2682 δὲ

275 2709 505 2763 βασιληίας
527 2707 666 2758 ἱστίας
685 2707 814 2761 νόμος
832 2708 1031 2764 Σκύθῃσι
1052 2706 1106 2749 τὰ
1129 2707 1320 2760 μάλιστά
1347 2706 1438 2750 ἐστι
1459 2705 1638 2762 ὀμνύναι

277 2776 375 2818 τότε
402 2774 532 2818 ἐπεὰν
557 2773 631 2818 τὸν
655 2774 856 2830 μέγιστον
882 2771 1007 2831 ὅρκον
1034 2774 1223 2818 ἐθέλωσι
1250 2773 1439 2828 ὀμνύναι.
1485 2772 1637 2817 αὐτίκα
