1794 3282
218 1807 268 1832 170

221 2280 270 2304 1ῖ1

286 234 368 276 170
661 239 975 275 ΗΡΟΔΟΤΟΥ
1005 239 1046 274 Β.
1074 240 1263 275 169—171.

285 314 357 354 καὶ
383 310 405 354 ὁ
427 308 601 363 Ἄμασις
626 309 793 358 πάντας
814 307 1083 362 Αἰγυπτίους
1108 306 1314 352 ἀπίκοντο
1336 309 1378 361 ἐς
1397 310 1643 366 Μώμεμφιν

285 379 426 428 πόλιν,
456 377 707 430 συνέβαλον·
735 376 805 417 καὶ
833 373 1092 428 ἐμαχέσαντο
1117 376 1193 430 μὲν
1219 370 1264 419 εὖ
1292 377 1333 420 οἱ
1359 378 1507 430 ξεῖνοι,
1535 377 1645 432 πλη-

286 450 363 487 θεϊ
405 445 554 499 πολλῷ
599 441 827 493 ἐλάσσονες
870 441 1011 493 ἐόντες
1052 442 1161 485 κατὰ
1195 448 1323 487 τοῦτο
1367 444 1642 500 ἑσσώθησαν.

281 510 463 566 Ἀπρίεω
498 511 544 553 δὲ
574 511 743 565 λέγεται
774 507 884 552 εἶναι
910 506 985 565 ἥδε
1012 510 1199 563 διάνοια,
1234 510 1335 568 μηδ’
1360 510 1410 555 ἂν
1441 512 1548 555 θεόν
1572 529 1644 565 μιν

283 580 446 635 μηδένα
473 578 691 621 δύνασθαι
715 581 886 620 παῦσαι
909 581 984 633 τῆς
1007 579 1254 634 βασιληίης·
1282 576 1393 621 οὕτω
1415 577 1646 635 ἀσφαλέως

286 646 433 702 ἑωυτῷ
461 645 671 701 ἱδρῦσθαι
698 643 854 687 ἐδόκεε.
913 646 984 687 καὶ
1011 643 1060 700 δὴ
1087 646 1185 688 τότε
1211 645 1441 700 συμβαλὼν
1466 646 1643 701 ἑσσώθη

285 716 357 756 καὶ
383 714 623 770 ζωγρηθεὶς
649 710 828 768 ἀπήχθη
858 711 899 763 ἐς
918 712 1024 755 Σάϊν
1044 713 1185 765 πόλιν,
1215 712 1257 765 ἐς
1277 713 1330 756 τὰ
1350 713 1511 756 ἑωυτοῦ
1533 712 1646 755 οἰκία

285 782 495 838 πρότερον
523 779 660 832 ἐόντα,
687 780 785 822 τότε
813 780 858 822 δὲ
873 778 1074 834 Ἀμάσιος
1094 778 1171 836 ἤδη
1191 782 1413 838 βασιλήια.
1457 780 1647 823 ἐνθαῦτα

288 850 333 892 δὲ
352 852 459 899 τέως
477 849 552 903 μὲν
574 847 776 904 ἐτρέφετο
798 846 839 890 ἐν
858 856 974 891 τοῖσι
992 850 1274 904 βασιληίοισι,
1301 852 1374 890 καί
1391 865 1463 903 μιν
1473 846 1647 902 Άιιασις

288 911 335 959 εὖ
372 925 594 973 περιεῖπε·
637 917 759 966 τέλος
796 916 841 959 δὲ
877 919 1164 972 μεμφομένων
1199 915 1451 971 Αἰγυπτίων
1494 914 1553 966 ὥς
1597 913 1644 957 οὗ

289 988 437 1028 ποιέοι
465 984 610 1026 δίκαια
635 987 805 1040 τρέφων
830 982 903 1026 τὸν
929 987 1058 1040 σφίσι
1082 1000 1128 1026 τε
1159 985 1230 1026 καὶ
1256 983 1401 1039 ἑωυτῷ
1430 983 1643 1036 ἔχθιστον,

290 1049 401 1095 οὕτω
436 1050 485 1107 δὴ
523 1052 766 1108 παραδιδοῖ
799 1050 872 1094 τὸν
900 1049 1073 1107 ᾍπρίην
1103 1059 1219 1094 τοῖσι
1248 1051 1543 1106 Αἰγυπτίοισι.
1606 1051 1647 1092 οἱ

291 1121 337 1163 δέ
361 1137 433 1174 μιν
459 1117 713 1171 ἀπέπνιξαν,
743 1120 813 1161 καὶ
834 1118 999 1161 ἔπειτεν
1020 1118 1198 1174 ἔθαψαν
1219 1118 1260 1161 ἐν
1278 1122 1377 1175 τῇσι
1398 1121 1646 1174 πατρωίῃσι

288 1191 474 1244 ταφῇσι·
513 1186 558 1229 αἱ
589 1187 636 1229 δέ
667 1186 752 1229 εἶσι
778 1186 818 1229 ἐν
849 1190 909 1242 τῷ
938 1186 1015 1243 ἱρῷ
1046 1190 1120 1242 τῆς
1139 1184 1385 1242 Σίθηναιής,
1426 1183 1646 1241 ἀγχοτάτω

287 1259 363 1297 τοῦ
382 1255 583 1310 μεγάρου,
612 1253 771 1297 ἐσιόντι
795 1253 1018 1311 ἀριστερῆς
1034 1254 1190 1308 χειρός.
1229 1253 1408 1308 ἔθαψαν
1430 1254 1474 1295 δὲ
1490 1257 1648 1295 Σᾶῐται

289 1323 456 1372 πάντας
486 1320 586 1372 τοὺς
612 1321 656 1364 ἐκ
687 1326 819 1375 νομοῦ
850 1322 1003 1364 τούτου
1036 1324 1285 1377 γενομένους
1320 1322 1526 1375 βασιλέας
1564 1319 1646 1363 ἔσω

290 1389 332 1432 ἐν
356 1394 416 1445 τῷ
445 1389 534 1444 ἱρῷ.
590 1390 661 1431 καὶ
685 1388 765 1445 γὰρ
791 1387 840 1431 τὸ
866 1393 941 1430 τοῦ
964 1386 1166 1442 Ἀμάσιος
1192 1393 1308 1444 σῆμα
1333 1388 1545 1443 ἑκαστέρω
1571 1391 1647 1441 μέν

291 1456 382 1500 ἐστι
406 1461 481 1500 τοῦ
507 1456 694 1511 μεγάρου
722 1454 747 1511 ἢ
772 1455 821 1499 τὸ
848 1460 923 1499 τοῦ
946 1454 1128 1512 Ἀπρίεω
1155 1458 1225 1498 καὶ
1250 1460 1335 1498 τιῦν
1359 1456 1512 1499 τούτου
1539 1471 1649 1511 προ-

291 1524 514 1578 πατόρων,
554 1523 645 1566 ἔστι
680 1527 827 1577 μέντοι
863 1525 934 1566 καὶ
970 1527 1098 1566 τοῦτο
1131 1523 1172 1566 ἐν
1203 1527 1254 1580 τῇ
1287 1521 1394 1581 αὐλῇ
1430 1527 1506 1566 τοῦ
1540 1522 1646 1579 ἱροῦ,

290 1590 465 1642 παστὰς
490 1593 636 1647 λιθίνη
661 1592 822 1647 μεγάλη
849 1593 921 1633 καὶ
940 1589 1150 1647 ἠσκημένη
1173 1591 1369 1634 στύλοισί
1386 1608 1432 1634 τε
1453 1594 1650 1647 φοίνικας

291 1659 345 1702 τὰ
373 1658 549 1715 δένδρεα
574 1662 910 1714 μεμιμηλιιένοισι
934 1660 1005 1701 καὶ
1036 1662 1087 1715 τῇ
1114 1657 1219 1715 ἄλλῃ
1247 1659 1432 1715 δαπάνῃ.
1495 1657 1578 1701 ἔσω
1606 1657 1651 1700 δὲ

293 1726 334 1769 ἐν
359 1731 409 1783 τῇ
435 1726 632 1769 παστάδι
658 1725 755 1779 διξὰ
780 1726 1025 1782 θυρώματα
1051 1726 1210 1784 ἔστηκε,
1239 1726 1280 1769 ἐν
1304 1727 1349 1769 δὲ
1366 1735 1483 1769 τοῖσι
1502 1725 1652 1781 θυρώ-

292 1810 402 1848 μασι
421 1792 445 1850 ἡ
466 1794 579 1850 θήκη
596 1792 700 1837 ἐστί.
739 1794 823 1837 εἰσὶ
845 1795 889 1837 δὲ
909 1796 979 1836 καὶ
995 1794 1040 1836 αἱ
1059 1796 1198 1851 ταφαὶ
1216 1798 1292 1837 τοῦ
1314 1791 1389 1837 οὐκ
1409 1790 1530 1836 ὅσιον
1550 1808 1652 1836 ποι-

294 1866 419 1915 εῦμαι
446 1860 519 1903 ἐπὶ
543 1862 728 1917 τοιούτῳ
755 1862 976 1917 πρήγματι
1002 1861 1266 1918 ἐξαγορεύειν
1284 1860 1473 1915 τοῦνομα
1493 1860 1534 1904 ἐν
1552 1861 1649 1910 Σάϊ,

293 1928 334 1971 ἐν
359 1933 419 1984 τῷ
448 1928 524 1984 ἱρῷ
550 1932 624 1983 τῆς
644 1926 890 1984 Σ-ίθηναίης,
930 1927 1099 1972 ὄπισθε
1124 1933 1200 1972 τοῦ
1231 1933 1350 1985 νηοῦ,
1389 1927 1551 1979 παντὸς
1575 1931 1652 1970 τοῦ

291 2000 365 2051 τῆς
386 1993 613 2051 Ἀθηναίης
639 1995 834 2048 ἐχόμεναι
859 2000 1020 2049 τοίχου.
1068 1998 1138 2038 καὶ
1165 1995 1207 2038 ἐν
1231 2000 1292 2052 τῷ
1318 1999 1483 2049 τεμένεϊ
1507 1993 1652 2049 ὀβελοὶ

293 2062 445 2106 ἑστᾶσι
479 2063 660 2117 μεγάλοι
697 2064 879 2114 λίθινοι,
920 2065 1042 2119 λίμνη
1080 2067 1126 2106 τέ
1162 2063 1254 2106 ἐστι
1291 2062 1465 2119 ἐχομένη
1504 2064 1650 2117 λιθίνῃ

295 2130 474 2186 κρηπῖδι
498 2133 784 2186 κεκοσμημένη
811 2132 881 2172 καὶ
909 2129 1141 2186 ἐργασμένη
1169 2124 1213 2172 εὖ
1240 2131 1398 2187 κύκλῳ,
1425 2132 1497 2173 καὶ
1521 2134 1653 2185 μέγα-

293 2202 396 2249 θος,
438 2195 496 2248 (ὃς
528 2196 625 2251 ἐμοὶ
655 2196 815 2249 ἐδόκεε,
855 2195 1020 2254 ὅσηπερ
1052 2196 1075 2253 ἡ
1109 2197 1150 2240 ἐν
1184 2198 1310 2254 Δήλῳ
1344 2196 1367 2254 ἡ
1404 2196 1653 2255 τροχοειδὴς

294 2267 538 2320 καλεομένη.
578 2264 619 2307 ἐν
646 2265 691 2307 δὲ
716 2269 765 2321 τῇ
792 2266 914 2321 λίμνῃ
941 2266 1071 2321 ταύτῃ
1098 2264 1152 2307 τὰ
1174 2266 1346 2321 δείκηλα
1365 2269 1449 2308 τιῦν
1468 2268 1652 2308 παθέων

296 2330 429 2375 αὐτοῦ
455 2331 603 2382 νυκτὸς
627 2337 823 2385 ποιεῦσι,
856 2332 910 2375 τὰ
935 2334 1136 2376 καλέουσι
1159 2333 1376 2389 μυστήρια
1400 2332 1651 2389 Αἰγύπτιοι.

294 2402 396 2455 περὶ
432 2399 508 2454 μέν
544 2418 614 2442 νυν
650 2401 814 2443 τούτων
847 2400 982 2444 εἰδότι
1017 2417 1094 2455 μοι
1131 2400 1206 2443 ἐπὶ
1242 2400 1374 2444 πλέον
1406 2398 1464 2451 ὥς
1497 2400 1656 2443 ἕκαστα

296 2466 436 2510 αι’-τῷν
462 2468 559 2521 ἔχει,
587 2465 775 2521 εὔστομα
800 2472 980 2511 κείσθω.
1040 2471 1111 2511 καὶ
1136 2472 1209 2525 τῆς
1235 2468 1460 2524 Δήμητρος
1485 2469 1654 2524 τελετῆς

295 2540 416 2591 πέρι,
455 2534 529 2591 τὴν
555 2535 596 2578 οἱ
617 2532 810 2592 Ἕλληνες
835 2536 1120 2592 θεσμοφόρια
1149 2538 1369 2587 καλέουσι,
1402 2537 1471 2578 καὶ
1497 2535 1654 2591 ταύτης

294 2619 371 2656 μοι
407 2602 510 2659 πέρι
541 2600 730 2658 εἷ”στομα
760 2607 944 2656 κείσθω,
985 2603 1094 2659 πλὴν
1133 2601 1234 2647 ὅσον
1266 2602 1396 2659 αὐτῆς
1433 2602 1528 2659 ὁσίη
1562 2602 1652 2645 ἐστὶ

297 2672 444 2725 λέγειν.
486 2671 531 2712 αἱ
552 2675 721 2713 Δαναοῦ
747 2674 984 2728 θυγατέρες
1009 2665 1116 2727 ἦσαν
1142 2672 1187 2713 αἱ
1211 2670 1284 2727 τὴν
1309 2672 1477 2726 τελετὴν
1495 2670 1652 2725 ταύτην

298 2736 343 2789 ἐξ
366 2738 592 2794 Αἰγύπτου
621 2738 905 2794 ἐξαγαγοῦσαι
936 2741 1005 2782 καὶ
1038 2739 1271 2791 διδάξασαι
1301 2737 1378 2789 τὰς
1402 2737 1652 2793 Πελασγιώ,
