1794 3282
547 263 858 299 ΗΡΟΔΟΤΟΥ
889 264 927 298 Γ.
954 263 1007 298 72.
1034 264 1088 299 73.
1416 255 1498 296 209

140 332 409 387 συνταχύνειν
436 329 685 388 ἀναγκάζεις
710 333 781 375 καὶ
806 330 1165 388 ὑπερβάλλεσθαι
1192 330 1266 376 οὐκ
1298 331 1386 390 ἐᾷς,
1426 332 1500 375 ἰ’θι

140 402 285 459 ἐξηγέο
323 398 453 451 αὐτὸς
485 397 592 456 ὅτεῳ
625 400 776 457 τρόπῳ
808 401 996 458 πάριμεν
1028 401 1070 451 ἐς
1106 399 1160 443 τὰ
1189 401 1398 456 βασιλήια
1429 402 1499 443 καὶ

139 468 468 525 ἐπιχειρήσομεν
488 465 672 511 αὐτοῖσι.
712 466 907 524 φυλακὰς
926 467 1006 523 γὰρ
1023 468 1072 525 δὴ
1095 468 1357 519 διεστεώσας
1378 465 1501 519 οἶδάς

138 553 213 579 κου
239 537 312 578 καὶ
338 534 479 588 αὐτός,
509 535 547 578 εἰ
570 553 627 592 ιιη
657 535 772 587 ἰδών,
802 533 890 578 ἀλλ’
908 533 1116 587 ἀκούσας·
1141 534 1219 587 τὰς
1238 535 1321 592 τέῳ
1347 533 1499 591 τρόπῳ

138 601 434 660 περήσομεν;”
459 601 683 658 ἀμείβεται
698 610 881 658 Δαρεῖος
895 604 1072 646 τοιοίδε.
1101 601 1294 660 “Ὀτάνη,
1316 597 1499 660 ἧπολλά

140 671 233 715 ε’στι
260 670 314 714 τὰ
339 671 452 727 λόγω
478 671 554 725 μὲν
580 668 656 713 οὐκ
681 669 755 713 οἷά
779 688 825 713 τε
851 671 1058 726 δηλῶσαι,
1088 688 1194 728 εργῳ
1223 672 1288 714 δέ·
1322 669 1431 713 ἄλλα
1457 669 1495 714 δ’

140 738 232 782 ε’στὶ
256 737 310 780 τὰ
335 738 448 794 λόγῳ
474 739 551 793 μὲν
577 736 650 781 οἶά
674 754 738 789 τε,
768 738 887 793 ἔργον
914 739 957 780 δὲ
985 736 1106 781 οὖδὲν
1133 736 1207 781 ἀπ’
1226 737 1368 782 αὐτῶν
1393 740 1502 794 λαμ-

140 805 252 861 πρὸν
282 810 457 861 γίνεται.
520 803 641 859 ὑμεῖς
673 806 719 847 δὲ
750 805 842 848 ἴστε
873 804 1068 862 φυλακὰς
1098 806 1175 856 τὰς
1205 807 1503 857 κατεστεώσας

141 873 296 924 ἐούσας
323 871 445 915 οὐδὲν
468 871 662 925 χαλεπὰς
687 874 939 927 παρελθεῖν.
995 877 1123 916 τοῦτο
1154 874 1231 927 μὲν
1255 872 1335 929 γὰρ
1362 872 1502 929 ἡμέων

142 941 299 984 ἐόντων
334 940 514 982 τοιῶνδε
552 937 694 990 οὐδεὶς
731 936 851 991 ὅστις
888 938 936 982 οὗ
975 940 1180 995 παρήσει,
1225 939 1279 982 τὰ
1314 944 1390 993 μέν
1427 957 1501 983 κου

140 1007 472 1061 καταιδεόμενος
496 1004 646 1063 ἡμέας,
674 1005 728 1049 τὰ
754 1007 802 1049 δέ
825 1023 899 1049 κου
925 1008 996 1050 καὶ
1023 1008 1271 1061 δειμαίνων·
1303 1011 1430 1050 τοῦτο
1458 1008 1504 1050 δὲ

141 1075 222 1129 ἔχω
250 1073 379 1125 αὐτὸς
405 1078 565 1130 σκῆψιν
591 1072 946 1131 εὐπρεπεστάτην
970 1079 1022 1132 τῇ
1047 1075 1249 1132 πάριμεν,
1285 1074 1373 1131 φὰς
1406 1073 1504 1131 ἄρτι

140 1160 186 1186 τε
222 1139 337 1199 ἥκειν
370 1141 413 1184 ἐκ
443 1145 644 1197 Περσέων
675 1143 747 1184 καὶ
776 1143 1024 1196 βούλεσθαί
1052 1159 1095 1185 τι
1131 1142 1236 1193 ἔπος
1268 1142 1390 1199 παρὰ
1426 1148 1503 1186 τοῦ

141 1209 308 1265 πατρὸς
339 1213 525 1266 σημῆναι
554 1214 616 1266 τῷ
646 1209 832 1264 βασιλέϊ.
894 1209 1003 1252 ἔνθα
1038 1211 1119 1267 γάρ
1156 1228 1197 1253 τι
1238 1211 1306 1253 δεῖ
1339 1212 1504 1266 ψεῦδος

141 1278 362 1334 λέγεσθαι,
389 1277 600 1333 λεγέσθω.
643 1281 719 1320 τοῦ
745 1276 825 1333 γὰρ
853 1276 985 1320 αὗτοῦ
1004 1280 1249 1334 γλιχόμεθα
1270 1278 1376 1321 οἵτε
1396 1287 1504 1334 ψευ-

142 1347 318 1401 δόμενοι
342 1347 413 1387 καὶ
441 1345 483 1388 οἱ
506 1349 557 1402 τῇ
584 1342 769 1402 ἀληθείῃ
797 1346 1115 1402 διαχρεόμενοι·
1148 1346 1190 1388 οἳ
1214 1350 1290 1400 μέν
1322 1363 1368 1402 γε
1394 1347 1504 1402 ψεύ-

143 1414 292 1457 δονται
321 1414 419 1456 τότε
452 1413 584 1457 ἐπεάν
614 1430 657 1455 τι
692 1414 883 1466 μέλλωσι
914 1422 1032 1456 τοῖσι
1062 1414 1245 1469 ψεύδεσι
1275 1418 1503 1465 πείσαντες

144 1481 455 1537 κερδήσεσθαι,
495 1480 537 1523 οἱ
569 1478 608 1523 δ’
632 1478 917 1536 ἀληθίζονται
947 1480 1018 1523 ἵνα
1042 1499 1085 1524 τι
1109 1485 1161 1539 τῇ
1194 1479 1379 1538 ἀληθείῃ
1408 1481 1504 1524 ἐπι-

145 1548 402 1591 σπάσωνται
426 1547 574 1604 κέρδος
598 1549 670 1590 καί
694 1565 735 1590 τι
760 1548 922 1601 μᾶλλόν
943 1564 1023 1605 σφι
1044 1547 1352 1606 ἐπιτράπηται.
1392 1547 1502 1591 οὕτω

145 1615 194 1659 οὗ
215 1614 351 1659 ταῦτα
372 1614 594 1666 ἀσκέοντες
607 1613 775 1657 τώυτοῦ
795 1616 1105 1672 περιεχόμεθα.
1148 1616 1184 1659 εἷ
1206 1617 1250 1659 δὲ
1269 1617 1398 1672 μηδὲν
1413 1633 1506 1671 κερ-

147 1684 366 1739 δήσεσθαι
389 1683 597 1738 μέλλοιεν,
627 1680 790 1736 ὁμοίως
816 1680 866 1725 ἂν
893 1679 918 1725 δ’
941 1700 985 1726 τε
1007 1682 1321 1740 ἀληθιζόμενος
1343 1684 1506 1741 ψευδὴς

146 1753 211 1807 ε’ίη
244 1752 316 1793 καὶ
347 1749 369 1793 ὃ
401 1751 671 1806 ψευδόμενος
703 1748 885 1806 ἀληθής.
949 1750 996 1802 ὃς
1028 1748 1078 1793 ἂν
1109 1755 1185 1805 μέν
1215 1770 1286 1794 νυν
1311 1756 1395 1795 τῶν
1421 1770 1505 1795 πυ-

145 1820 311 1873 λουρῶν
337 1817 442 1861 ἑκὼν
466 1822 615 1874 παρίῃ,
645 1816 761 1873 αὐτῷ
788 1817 830 1860 οἱ
855 1815 1029 1871 ἄμεινον
1055 1818 1097 1870 ἒς
1115 1819 1265 1874 χρόνον
1292 1819 1432 1862 ἔσται·
1460 1819 1507 1870 ὃς

148 1884 187 1928 δ’
212 1884 262 1929 ἂν
294 1884 552 1940 ἀντιβαίνειν
583 1889 808 1940 πειρᾶται,
850 1885 1170 1928 διαδεικνύσθω
1204 1885 1395 1929 ἐνθαῦτα
1427 1885 1507 1930 εἰὺν

147 1955 367 2007 πολέιιιος,
396 1955 468 1995 καὶ
493 1953 661 1996 έπειτεν
687 1950 907 1995 ὠσάμενοι
934 1952 1055 2010 ε’ργου
1084 1951 1328 2007 ἕχιόμεθα”

230 2025 360 2077 Λέγει
384 2021 619 2077 Γωβρύης
617 2019 723 2063 μετὰ
748 2024 884 2063 ταῦτα
904 2018 1087 2076 “άνδρες
1113 2023 1254 2077 φίλοι,
1287 2019 1387 2078 ημῖν
1412 2023 1509 2065 κότε

145 2087 320 2131 κάλλιον
344 2090 524 2146 παρέξει
550 2087 873 2131 ἀνασώσασθαι
892 2087 966 2145 τὴν
987 2086 1128 2146 ἀρχήν,
1156 2087 1194 2145 ἤ,
1223 2090 1266 2132 εἰ’
1279 2106 1326 2145 γε
1344 2088 1402 2146 μὴ
1424 2089 1512 2133 οἷοί

144 2173 191 2199 τε
219 2155 415 2211 ἐσόμεθα
447 2153 578 2213 αὐτὴν
610 2154 857 2211 ἀναλαβεῖν,
899 2154 1165 2210 ἀποθανεῖν;
1203 2154 1274 2199 ότε
1305 2175 1351 2213 γε
1383 2156 1511 2215 ἀρχό-

144 2228 267 2302 μεθα
290 2224 367 2278 μὲν
398 2223 538 2275 ἐόντες
562 2228 729 2282 Πέρσαι
753 2221 840 2267 ὑπὸ
866 2224 1016 2280 Μήδου
1051 2223 1204 2280 ἀνδρὸς
1230 2226 1399 2280 Πάγου,
1438 2228 1510 2268 καὶ

146 2291 301 2333 τούτου
330 2293 420 2334 ὠτα
447 2308 523 2334 ουκ
555 2291 735 2344 έχοντος.
798 2289 896 2335 όσοι
927 2308 972 2334 τε
1003 2289 1144 2345 υμέων
1170 2293 1382 2348 Καμβύση
1414 2309 1511 2335 νου-

148 2362 290 2401 σέοντι
315 2362 620 2414 παρεγένοντο,
653 2359 828 2410 πάντως
853 2375 927 2401 κου
953 2362 1178 2416 μέμνησθε
1208 2359 1263 2402 τὰ
1290 2359 1510 2415 επέσκηψε

148 2425 341 2482 Πέρσῃσι
365 2427 593 2469 τελευτέων
611 2425 684 2468 τὸν
703 2430 798 2480 βίον
817 2425 873 2482 μὴ
894 2426 1215 2483 πειρεομένοισι
1236 2424 1511 2484 ἀνακτᾶσθαι

147 2491 221 2548 τὴν
253 2491 402 2549 ἀρχήν·
438 2492 493 2536 τὰ
523 2494 621 2536 τότε
653 2490 728 2535 οὐκ
759 2492 1065 2548 ἐνεδεκόμεθα,
1106 2491 1194 2536 ἀλλ’
1218 2492 1292 2536 ἐπὶ
1330 2495 1511 2551 διαβολῇ

146 2559 373 2614 ἐδοκέομεν
399 2560 538 2603 εἰπεῖν
557 2561 805 2616 Καμβύσην.
856 2565 926 2603 νῦν
953 2555 1010 2603 ὦν
1035 2565 1218 2615 τίθεμαι
1244 2566 1394 2618 ψῆφον
1414 2567 1512 2605 πεί-

147 2631 321 2670 θεσθαι
341 2631 510 2685 Δαρείῳ
537 2630 608 2671 καὶ
628 2628 684 2684 μὴ
708 2628 971 2671 διαλύεσθαι
992 2627 1034 2671 ἐκ
1056 2633 1132 2672 τοῦ
1154 2630 1363 2685 συλλόγου
1384 2631 1512 2673 τοῦδε

147 2693 312 2738 ἄλλοθι
350 2695 494 2746 ἰόντας
530 2694 556 2752 ἢ
594 2695 668 2739 ε’πὶ
704 2694 789 2738 τὸν·
814 2696 962 2751 Μάγον
1001 2695 1174 2748 ἷθείυς.”
1242 2701 1378 2740 ταῦτα
1415 2695 1512 2741 εἶπε

150 2763 354 2818 Γοβρύης,
384 2765 453 2805 καὶ
481 2764 639 2815 πάντες
663 2768 799 2807 ταῦτα
826 2764 977 2807 αἴνεον.

216 2830 347 2857 Herodoti
365 2831 405 2857 τοί
428 2831 450 2857 Ι.
1223 2833 1266 2866 14.

1534 2035 1566 2060 73
