1794 3282
499 251 812 287 ΗΡΟΔΟΤΟΥ
841 252 883 286 Δ.
909 252 1055 287 26-30.
1376 241 1462 284 255

99 317 221 366 οὗτοι
250 323 446 377 λέγονται
477 318 606 371 εἶναι,
648 320 893 377 ἰσοκρατέες
924 321 970 363 δὲ
1002 318 1164 375 ὁμοίως
1190 319 1236 362 αἱ
1265 327 1461 375 γυναῖκες

97 398 214 433 τοῖσι
240 386 437 467 ἀνδράσι.
486 388 769 444 γινώσκονται
795 389 870 442 μὲν
897 387 947 444 δὴ
974 390 1046 431 καὶ
1072 382 1204 440 οὗτοι,
1231 386 1280 431 τὸ
1302 388 1348 431 δὲ
1368 385 1458 430 ἀπὸ

98 458 263 500 τούτων
300 454 348 499 τὸ
386 456 638 512 κατύπερθε
664 454 900 510 Ἰσσηδόνες
936 455 1022 498 εἰσὶ
1059 456 1101 499 οἱ
1134 457 1326 511 λέγοντες
1361 472 1461 506 τους

96 524 472 581 μουνοφθάλμους
498 521 764 578 ἀνθρώπους
788 525 858 565 καὶ
884 521 985 574 τοὺς
1006 524 1339 580 χρυσοφύλακας
1357 527 1456 580 γρῦ-

98 608 186 643 πας
201 597 329 634 εἰναι·
356 590 478 647 παρὰ
500 592 545 633 δὲ
563 591 727 633 τούτων
739 591 913 634 Σκύθαι
931 591 1257 648 παραλαβόντες
1273 592 1458 647 λέγουσι,

98 658 220 714 παρὰ
247 659 292 702 δὲ
317 658 523 702 Σκυθέων
550 656 671 714 ἡμεῖς
697 674 739 700 οι
765 656 889 700 ἄλλοι
913 662 1201 713 νενομίκαμεν,
1235 661 1307 702 καὶ
1338 657 1461 702 οὖνο-

99 728 287 781 μάζομεν
325 724 483 776 αὐτοὺς
525 727 730 768 σκυθιστὶ
761 723 1075 780 Ἀριμασπούς·
1119 724 1255 782 ἄριμα
1295 726 1375 783 γὰρ
1419 727 1461 768 ἓν

100 796 301 837 καλέουσι
325 794 509 845 Σκύθαι,
539 797 654 836 σποῦ
681 793 727 835 δὲ
752 791 825 835 τὸν
852 790 1101 850 ὀφθαλμόν.

185 866 473 917 Δυσχείμερος
493 861 540 903 δὲ
560 857 665 917 αὕτη
686 858 709 917 ἡ
730 862 1048 913 καταλεχθεῖσα
1067 865 1191 904 πᾶσα
1206 861 1324 917 χώρη
1347 859 1459 904 οὕτω

101 930 150 986 δή
177 934 220 972 τί
245 928 348 979 ἐστι,
378 929 486 971 ἔνθα
511 927 612 980 τοὺς
630 929 706 982 μὲν
727 925 837 970 ὂκτιὺ
857 932 943 970 τῶν
961 933 1106 984 μηνῶν
1127 926 1349 986 ἀφόρητος
1370 927 1462 978 οἷος

98 1001 261 1053 γίνεται
284 996 458 1052 κρυμός,
487 995 528 1038 ε”ν
554 1004 671 1038 τοῖσι
699 992 813 1051 ὕδωρ
841 995 986 1049 ἐκχέας
1010 995 1148 1051 πηλὸν
1170 995 1218 1038 οὐ
1245 995 1460 1052 ποιήσεις,

100 1070 187 1122 πῦρ
209 1065 254 1107 δὲ
273 1062 488 1106 ἀνακαίων
507 1063 711 1118 ποιήσεις
730 1063 888 1118 πηλόν·
914 1061 937 1119 ἡ
962 1064 1007 1106 δὲ
1026 1064 1236 1106 θάλασσα
1249 1063 1464 1120 πήγνυται

99 1134 170 1175 καὶ
190 1129 460 1187 ὁΒόσπορος
479 1134 567 1180 πᾶς
587 1127 610 1173 ὁ
630 1129 882 1185 Κιμμέριος,
910 1132 982 1173 καὶ
1006 1130 1080 1174 ἐπὶ
1098 1135 1175 1174 τοῦ
1195 1131 1462 1211 κρυστάλλου

101 1199 142 1242 οἱ
173 1197 291 1250 ἐντὸς
305 1198 491 1292 ζτάφρου
517 1197 692 1241 Σκύθαι
720 1202 1031 1280 κατοικημένοι
1052 1198 1361 1255 στρατεύονται
1390 1201 1464 1242 καὶ

98 1266 176 1318 τὰς
207 1265 376 1321 ἀμάξας
407 1265 693 1309 ἐπελαύνουσι
723 1265 857 1323 πέρην
890 1283 933 1317 ες
963 1283 1063 1318 τους
1094 1267 1286 1318 Σίνδους.
1349 1264 1462 1310 οὕτω

99 1351 174 1389 μεν
206 1333 255 1391 δη
288 1350 390 1385 τους
418 1331 531 1378 ὀκτω
562 1338 698 1391 μῆνας
730 1334 941 1378 διατελέει
966 1333 1129 1389 χειμὼν
1161 1334 1254 1387 ἐών,
1286 1333 1387 1386 τοὺς
1419 1333 1458 1378 δ’

101 1402 359 1452 ἐπιλοίπους
383 1405 588 1456 τέσσερας
612 1402 757 1457 ψύχεα
783 1400 944 1445 αὐτόθι
970 1401 1074 1445 ἐστί.
1134 1403 1393 1461 κεχώρισται
1420 1404 1466 1447 δὲ

103 1464 270 1520 οὗτοςς
250 1486 271 1512 ο
291 1485 449 1523 χειμων
468 1467 568 1520 τοὺς
587 1469 676 1550 τρό
667 1486 779 1520 πους
799 1474 911 1512 πᾶσι
929 1477 1048 1512 τοῖσι
1068 1486 1110 1513 εν
1125 1468 1279 1527 α’λλῃσι
1294 1471 1463 1528 χώρησι

101 1540 362 1594 γινομένοισι
385 1540 583 1591 χειμῶσι,
612 1553 654 1579 εν
678 1540 739 1593 τῶ
764 1535 839 1594 τὴν
864 1537 940 1590 μὲν
966 1534 1127 1593 ὡραίην
1148 1554 1223 1580 ουκ
1244 1535 1309 1581 ύει
1332 1539 1462 1594 λόγου

103 1603 223 1657 ἄξιον
249 1602 383 1656 ουδέν,
410 1602 459 1647 τὸ
487 1604 533 1647 δὲ
558 1607 692 1662 θέρος
716 1601 803 1648 ύων
830 1602 907 1647 οὐκ
926 1601 1055 1647 ἀνίει·
1080 1609 1261 1662 βρονταί
1285 1622 1329 1648 τε
1354 1607 1464 1662 ἠμος

101 1677 152 1730 τῆ
179 1671 284 1729 ἄλλη
309 1676 517 1728 γίνονται,
550 1676 780 1729 τηνικαῦτα
809 1672 885 1726 μὲν
917 1669 966 1714 οὗ
992 1676 1198 1728 γίνονται,
1231 1676 1388 1729 θέρεος
1420 1674 1466 1715 δὲ

104 1738 398 1798 ἀμφιλαφέες·
435 1739 484 1796 ἢν
517 1740 563 1783 δὲ
590 1744 802 1794 χειμῶνος
830 1739 986 1797 βροντὴ
1016 1743 1204 1796 γένηται,
1246 1738 1304 1791 ὡς
1339 1744 1466 1797 τέρας

102 1809 372 1863 θωμάζεται.
435 1807 494 1859 ὣς
520 1808 565 1850 δὲ
589 1809 662 1851 καὶ
687 1806 735 1864 ἢν
762 1806 940 1862 σεισμὸς
964 1811 1137 1864 γένηται
1162 1806 1210 1865 ἤν
1235 1824 1282 1851 τε
1308 1811 1464 1865 θέρεος

105 1874 151 1932 ἤν
176 1893 223 1919 τε
244 1880 455 1930 χειμῶνος
481 1875 522 1918 ἓν
547 1880 598 1933 τῇ
623 1880 819 1934 Σκυθικῇ
850 1879 975 1932 τέρας
1005 1876 1268 1930 νενόμισται.
1329 1875 1466 1919 ἵπποι

106 1944 151 1986 δὲ
183 1941 432 1998 ἀνεχόμενοι
463 1946 647 2000 φέρουσι
676 1942 750 1986 τὸν
779 1947 969 1997 χειμῶνα
999 1947 1170 1995 τοῦτον,
1210 1940 1384 2000 ἡμίονοι
1421 1944 1467 1986 δὲ

106 2009 205 2054 οὐδὲ
237 2008 330 2054 ὄνοι
354 2009 429 2055 σι’-κ
444 2010 666 2065 ἀνέχονται
680 2009 821 2066 ἀρχήν.
848 2012 898 2066 τῇ
914 2010 959 2053 δὲ
997 2008 1102 2068 ἄλλῃ
1138 2010 1276 2054 ἵπποι
1310 2011 1386 2065 μὲν
1424 2010 1466 2054 ἓν

103 2083 249 2135 κρυμῷ
282 2078 487 2130 ἑστεῶτες
518 2077 940 2135 ἀποσφακελίζουσι,
981 2077 1074 2122 ὄνοι
1112 2079 1158 2121 δὲ
1189 2080 1259 2121 καὶ
1295 2076 1468 2136 ἡμίονοι

106 2145 340 2200 ἀνέχονται.
378 2148 516 2190 δοκέει
543 2147 590 2190 δέ
612 2163 690 2201 μοι
714 2149 784 2189 καὶ
809 2145 858 2189 τὸ
884 2150 1003 2203 γένος
1027 2151 1112 2189 τῶν
1135 2150 1252 2199 βοῶν
1271 2146 1321 2190 τὸ
1342 2147 1467 2190 κόλον

107 2214 179 2257 διὰ
203 2218 340 2257 ταῦτα
365 2213 413 2257 οὗ
442 2215 566 2272 φύειν
591 2219 716 2269 κέρεα
742 2212 917 2257 αὐτόθι.
978 2217 1209 2271 μαρτυρέει
1241 2215 1288 2257 δέ
1316 2231 1393 2269 μοι
1416 2219 1467 2270 τῇ

105 2281 249 2338 γνώμῃ
275 2284 347 2324 καὶ
366 2279 542 2339 Ὁμήρου
570 2282 676 2333 ἔπος
702 2282 743 2325 ἓν
764 2279 980 2338 Ὀδυσσείῃ
1008 2282 1101 2334 ἔχον
1128 2275 1225 2332 ὦδε,

196 2350 268 2391 καὶ
292 2350 470 2405 Λιβύην,
498 2346 579 2391 ὅθι
603 2348 636 2391 τ)
655 2348 776 2406 ἄρνες
803 2347 922 2406 ἄφαρ
948 2351 1096 2406 κεραοὶ
1120 2351 1366 2400 τελέθουσι,

108 2416 257 2472 ὀρθῶς
282 2415 512 2475 εἰρημένον,
547 2414 589 2459 ἕν
619 2426 736 2460 τοῖσι
761 2421 971 2472 θερμοῖσι
1002 2414 1106 2469 ταχὺ
1141 2420 1467 2473 παραγίνεσθαι

106 2484 160 2527 τὰ
183 2488 326 2539 κέρεα·
365 2484 407 2526 έν
433 2484 479 2526 δὲ
503 2492 617 2526 τοῖσι
647 2484 863 2540 ἰσχυροῖσι
895 2484 1054 2539 ψύχεσι
1084 2481 1110 2540 ἢ
1137 2482 1184 2526 οὗ
1212 2483 1314 2540 φύει
1344 2480 1468 2541 κέρεα

106 2551 160 2595 τὰ
186 2553 337 2608 κτήνεα
364 2549 493 2608 ἀρχὴν
518 2548 543 2607 ἢ
570 2551 737 2608 φύοντα
763 2552 865 2608 φύει
889 2552 1029 2607 μόγις.

188 2618 400 2662 Ἐνθαῦτα
431 2622 507 2673 μέν
538 2636 609 2661 νυν
643 2617 715 2661 διὰ
739 2617 794 2662 τὰ
820 2619 963 2674 ψύχεα
987 2622 1148 2675 γίνεται
1178 2623 1333 2661 ταῦτα·
1371 2622 1467 2662 θω-

107 2688 228 2741 μάζω
250 2688 296 2729 δέ
310 2687 586 2743 (προσθήκας
604 2685 683 2743 γὰρ
701 2686 755 2742 δή-
770 2702 846 2740 μοι
868 2684 891 2729 ὃ
912 2686 1038 2744 λόγος
1058 2685 1104 2738 ἐξ
1122 2684 1251 2743 ἀρχῆς
1267 2685 1465 2743 ἐδίζητο),

109 2752 177 2798 ὅτι
203 2755 243 2797 ἐν
269 2759 319 2811 τῇ
336 2752 472 2811 Ἠλείῃ
494 2755 614 2811 πάσῃ
632 2754 748 2811 χώρῃ
771 2752 819 2796 οὗ
842 2754 1042 2798 δυνέαται
1061 2757 1264 2811 γίνεσθαι
1282 2753 1466 2811 ἡμίονοι,

1483 400 1518 426 27

1485 874 1520 899 28

1491 2159 1525 2184 29

1490 2632 1526 2658 30
