1794 3282
536 224 853 261 ΗΡΟΔΟΤΟΥ
882 226 924 260 Α.
951 225 1007 261 58.
1032 225 1088 260 59.
1443 217 1498 258 23

130 295 304 353 γλώσσῃ
330 298 419 349 μέν,
449 293 593 338 ἐπείτε
620 293 795 350 ἐγένετο,
825 294 912 338 αἰεί
936 311 1032 338 κοτε
1052 298 1103 352 τῇ
1125 292 1232 352 αὐτῇ
1255 294 1496 352 διαχρᾶται,

133 362 193 414 ὠς
219 363 316 418 ἐμοὶ
340 366 656 419 καταφαίνεται
681 360 810 406 εἶναι·
838 360 1114 416 ἀποσχισθὲν
1137 366 1285 417 μέντοι
1311 361 1401 405 ἀπὸ
1422 366 1499 405 τοῦ

132 433 404 486 Πελασγικοῦ
431 430 500 473 ἑὸν
527 428 723 483 ἀσθενές,
752 429 842 473 ἀπὸ
871 435 1052 487 σμικροῦ
1077 447 1149 474 τεο
1174 429 1249 487 τὴν
1270 428 1399 487 ἀρχὴν
1427 428 1501 486 ὁρ-

131 499 341 553 μεόμενον
379 495 560 554 αὔξηται
596 498 638 549 ἐς
674 500 850 555 πλῆθος
882 503 968 541 τῶν
1001 499 1182 549 ἐθνέων,
1221 500 1498 554 Πελασγῶν

132 567 325 621 μάλιστα
350 566 770 623 προσκεχωρηκότων
797 565 914 623 αὐτῶ
940 569 1012 609 καὶ
1037 565 1177 610 ἄλλων
1210 566 1372 609 ἐθνέων
1394 570 1500 622 βαρ-

132 634 282 691 βάρων
313 639 489 688 συχνῶν.
544 633 656 690 πρὸς
687 639 849 678 ταῦτα
881 634 931 691 δὴ
965 628 1023 677 ῶν
1055 634 1198 690 ἔμοιγε
1231 635 1369 677 δοκέει
1401 631 1501 677 οὐδὲ

135 702 185 745 τὸ
217 701 482 758 Πελασγικὸν
521 702 667 754 ἔθνος,
709 701 778 745 ἐὸν
812 703 1051 759 βάρβαρον,
1097 700 1268 756 οὐδαμὰ
1302 703 1501 758 μεγάλως

136 768 398 826 αὐξηθῆναι.

226 841 395 880 Τούτων
428 836 478 893 δὴ
511 831 569 879 ῶν
598 841 684 879 τῶν
722 836 885 879 ἐθνέων
916 835 965 879 τὸ
1002 837 1079 890 μὲν
1105 834 1289 879 Ἀττικὸν
1326 837 1498 890 κατεχό-

135 906 262 960 μενόν
292 921 339 948 τε
369 905 439 946 καὶ
472 904 789 957 διεσπασμένον
822 903 1093 946 ἐπυνθάνετο
1132 901 1154 945 ὃ
1186 910 1374 958 Κροῖσος
1410 902 1498 946 ὑπὸ

135 971 452 1027 Πεισιστράτου
478 975 553 1013 τοῦ
570 968 880 1026 Ἱπποκράτεος
904 975 1056 1014 τοῦτον
1081 969 1154 1013 τὸν
1178 971 1329 1026 χρόνον
1348 987 1501 1026 τυραν-

134 1041 329 1090 νεύοντος
355 1037 609 1094 Άθηναίων.
668 1037 948 1095 Ἱπποκράτεϊ
976 1037 1057 1095 γὰρ
1092 1038 1206 1081 ἐόντι
1244 1038 1396 1096 ἰδιώτῃ
1428 1040 1499 1080 καὶ

133 1111 371 1163 θεωρέοντι
395 1105 450 1149 τὰ
467 1104 673 1161 Ὀλύμπια
692 1110 818 1163 τέρας
839 1106 1001 1162 ἐγένετο
1021 1110 1150 1162 μέγα·
1178 1106 1397 1157 θύσαντος
1417 1105 1497 1162 γὰρ

133 1174 266 1218 αὐτοῦ
292 1174 346 1217 τὰ
373 1172 444 1231 ἱρὰ
470 1173 512 1216 οἱ
537 1176 710 1230 λέβητες
737 1174 1001 1226 ἐπεστεῶτες
1026 1177 1097 1217 καὶ
1122 1178 1256 1232 κρεῶν
1280 1191 1326 1217 τε
1359 1173 1499 1225 ἐόντες

132 1243 317 1297 ἔμπλεοι
346 1244 418 1285 καὶ
451 1239 606 1293 ὕδατος
632 1239 731 1285 ἄνευ
764 1242 903 1298 πυρὸς
935 1242 1081 1295 ἔζεσαν
1112 1244 1182 1285 καὶ
1217 1240 1497 1299 ὑπερέβαλον.

131 1312 276 1354 Χίλων
308 1310 354 1353 δὲ
387 1307 408 1352 ὃ
440 1310 788 1364 Λακεδαιμόνιος
825 1310 1086 1368 παρατυχὼν
1117 1312 1189 1353 καὶ
1219 1311 1499 1367 θηησάμενος

130 1378 180 1422 τὸ
216 1381 342 1435 τέρας
379 1379 658 1432 συνεβούλευε
690 1376 969 1436 Ἱπποκράτεϊ
1011 1383 1166 1434 πρῶτα
1201 1379 1278 1433 μὲν
1319 1387 1499 1434 γυναῖκα

129 1445 383 1489 τεκνοποιὸν
408 1445 466 1502 μὴ
494 1444 686 1501 ἄγεσθαι
713 1445 755 1497 ἒς
779 1446 833 1489 τὰ
860 1446 992 1498 οἰκία,
1022 1447 1060 1489 εἰ
1087 1448 1132 1489 δὲ
1157 1447 1353 1502 τυγχάνει
1380 1445 1496 1499 ἔχων,

131 1514 310 1569 δεύτερα
334 1512 408 1569 τὴν
428 1522 607 1569 γυναῖκα
628 1513 878 1568 ἐκπέμπειν,
906 1517 977 1557 καὶ
998 1515 1040 1557 εἴ
1056 1518 1121 1565 τίς
1142 1514 1183 1557 οἱ
1201 1514 1398 1570 τυγχάνει
1419 1513 1499 1557 ε’ῶν

131 1590 250 1633 παῖς,
277 1585 429 1624 τοῦτον
456 1579 758 1625 ἀπείπασθαι.
804 1580 881 1625 ούκ
907 1576 965 1625 ῶν
990 1587 1128 1625 ταῦτα
1154 1586 1499 1638 παραινέσαντος

131 1651 326 1700 Χίλωνος
357 1653 607 1692 πείθεσθαι
641 1650 808 1692 ἐθέλειν
844 1649 918 1693 τὸν
946 1648 1254 1707 Ἱπποκράτεα·
1291 1653 1500 1706 γενέσθαι

132 1718 175 1760 οἱ
204 1716 314 1772 μετὰ
344 1721 482 1760 ταῦτα
513 1716 587 1760 τὸν
612 1722 927 1772 Πεισίστρατον
958 1723 1130 1770 τοῦτον,
1165 1717 1213 1769 ὃς
1244 1717 1500 1769 στασιαζόν-

131 1802 215 1828 των
241 1789 326 1828 τῶν
351 1785 562 1842 παράλων
587 1787 659 1827 καὶ
682 1789 768 1828 τῶν
794 1785 838 1828 ἐκ
862 1790 939 1828 τοῦ
965 1786 1120 1828 πεδίου
1142 1783 1394 1841 Ἀθηναίων,
1427 1786 1499 1827 καὶ

131 1858 216 1896 τῶν
245 1853 321 1907 μὲν
352 1857 654 1907 προεστεῶτος
679 1855 922 1908 Μεγακλέος
951 1857 1027 1896 τοῦ
1049 1851 1307 1907 Ἀλκμέωνος
1336 1856 1421 1895 τῶν
1454 1853 1500 1895 δὲ

131 1920 177 1963 ἐκ
201 1924 277 1963 τοῦ
303 1920 458 1963 πεδίου
485 1921 737 1977 Λυκούργου
763 1925 841 1964 τοῦ
857 1919 1200 1978 Άριστολαΐδεω,
1227 1920 1499 1977 καταφρονή-

133 2005 214 2039 σας
237 1987 310 2044 τὴν
330 1989 559 2043 τυραννίδα
578 1985 720 2045 ἤγειρε
739 1993 885 2046 τρίτην
907 1989 1072 2041 στάσιν,
1102 1989 1306 2040 συλλέξας
1328 1988 1374 2031 δὲ
1396 2004 1501 2031 στα-

132 2057 295 2107 σιώτας
320 2058 392 2098 καὶ
418 2060 476 2112 τῷ
502 2056 616 2112 λόγῳ
641 2060 728 2099 τῶν
753 2054 1026 2114 ὑπερακρίων
1045 2054 1241 2114 προστὰς
1259 2060 1501 2112 μηχανᾶται

132 2125 297 2168 τοιάδε.
356 2128 634 2179 τρωματίσας
666 2124 827 2168 ἑωυτόν
863 2142 909 2168 τε
940 2127 1009 2167 καὶ
1047 2122 1253 2181 ἡμιόνους
1288 2121 1419 2181 ἤλασε
1459 2123 1501 2175 ἒς

133 2191 207 2249 τὴν
233 2190 391 2249 ἀγορὴν
421 2190 471 2235 τὸ
504 2192 649 2248 ζεῦγος
682 2190 741 2243 ῶς
772 2191 1050 2249 ἐκπεφευγὼς
1080 2191 1180 2243 τοὺς
1212 2191 1417 2248 ἐχθρούς,
1458 2191 1505 2235 οἵ

131 2277 206 2314 μιν
232 2259 462 2303 ἐλαύνοντα
489 2259 531 2311 ἒς
551 2257 681 2317 ἀγρὸν
700 2258 922 2317 ἠθέλησαν
944 2259 1160 2304 ἀπολέσαι
1182 2261 1328 2316 δῆθεν,
1358 2258 1500 2302 ἐδέετό

135 2344 181 2370 τε
205 2331 282 2370 τοῦ
310 2328 446 2384 δήμου
474 2329 667 2384 φυλακῆς
698 2345 814 2379 τινος
845 2327 958 2383 πρὸς
985 2326 1116 2371 αὐτοῦ
1148 2332 1349 2384 κυρῆσαι,
1388 2327 1502 2384 πρό-

135 2413 258 2452 τερον
284 2394 570 2452 εὖδοκιμήσας
602 2395 644 2439 ἕν
668 2400 719 2453 τῇ
746 2395 858 2452 πρὸς
882 2399 1106 2454 Μεγαρέας
1136 2401 1337 2452 γενομένῃ
1370 2411 1501 2452 στρα-

136 2469 279 2520 τηγίῃ,
317 2464 506 2506 Νίσαιάν
531 2480 577 2506 τε
603 2463 709 2506 ἑλών
734 2466 806 2506 καὶ
839 2461 948 2506 ἄλλα
980 2463 1304 2518 ἀποδεξάμενος
1333 2463 1500 2519 μεγάλα

138 2532 253 2588 ἔργα.
299 2529 320 2574 ὃ
343 2531 389 2573 δὲ
416 2529 589 2586 δῆμοςὸ
616 2535 700 2573 τῶν
716 2529 955 2587 Ἀθηναίων
981 2531 1275 2587 ἐξαπατηθεὶς
1301 2530 1434 2573 ἔδωκε’
1459 2530 1502 2573 οἱ

136 2603 222 2642 τῶν
243 2597 384 2642 ἀστῶν
403 2600 636 2650 καταλέξας
656 2596 814 2655 ἄνδρας
839 2601 1171 2655 τριηκοσίους
1197 2601 1240 2642 οἳ
1259 2598 1500 2657 δορυφόροι

136 2668 212 2721 μὲν
245 2664 320 2709 οὐκ
351 2665 541 2722 ἐγένοντο
568 2666 885 2721 Πεισιστράτου
937 2666 1226 2723 κορυνηφόροι
1259 2666 1324 2709 δέ·
1362 2666 1499 2719 ξύλων

134 2734 217 2791 γὰρ
238 2734 417 2792 κορύνας
438 2733 602 2788 ἔχοντες
623 2733 798 2778 εἵποντό
820 2733 861 2777 οἱ
883 2731 1063 2778 ὄπισθε.
1103 2735 1500 2786 συνεπαναστάντες

1524 850 1558 875 59
