<?xml version="1.0" encoding="UTF-8"?>
<!DOCTYPE html PUBLIC "-//W3C//DTD XHTML 1.0 Transitional//EN"
    "http://www.w3.org/TR/xhtml1/DTD/xhtml1-transitional.dtd">
<html xmlns="http://www.w3.org/1999/xhtml" xml:lang="en" lang="en">
 <head>
  <title>
</title>
<meta http-equiv="Content-Type" content="text/html;charset=utf-8" />
  <meta name='ocr-system' content='tesseract 3.04.00' />
  <meta name='ocr-capabilities' content='ocr_page ocr_carea ocr_par ocr_line ocrx_word'/>
</head>
<body>
  <div class='ocr_page' id='page_1' title='image "./herodotihistori01herouoft_0288.png"; bbox 0 0 1794 3282; ppageno 0'>
   <div class='ocr_carea' id='block_1_1' title="bbox 218 581 264 606">
    <p class='ocr_par' dir='ltr' id='par_1_1' title="bbox 218 581 264 606">
     <span class='ocr_line' id='line_1_1' title="bbox 218 581 264 606; baseline 0.022 -1"><span class='ocrx_word' id='word_1_1' title='bbox 218 581 264 606; x_wconf 73' lang='lat'><em>129</em></span> 
     </span>
    </p>
   </div>
   <div class='ocr_carea' id='block_1_2' title="bbox 215 1593 263 1618">
    <p class='ocr_par' dir='ltr' id='par_1_2' title="bbox 215 1593 263 1618">
     <span class='ocr_line' id='line_1_2' title="bbox 215 1593 263 1618; baseline 0 0"><span class='ocrx_word' id='word_1_2' title='bbox 215 1593 263 1618; x_wconf 83' lang='lat'><em>130</em></span> 
     </span>
    </p>
   </div>
   <div class='ocr_carea' id='block_1_3' title="bbox 288 288 1269 331">
    <p class='ocr_par' dir='ltr' id='par_1_3' title="bbox 288 288 1269 331">
     <span class='ocr_line' id='line_1_3' title="bbox 288 288 1269 331; baseline 0.001 -1"><span class='ocrx_word' id='word_1_3' title='bbox 288 288 373 331; x_wconf 77' lang='grc'><em>232</em></span> <span class='ocrx_word' id='word_1_4' title='bbox 670 294 985 330; x_wconf 79' lang='grc' dir='ltr'>ΗΡΟΔΟΤΟΥ</span> <span class='ocrx_word' id='word_1_5' title='bbox 1013 295 1052 329; x_wconf 87' lang='grc' dir='ltr'><em>Γ.</em></span> <span class='ocrx_word' id='word_1_6' title='bbox 1078 295 1269 331; x_wconf 80' lang='grc'><em>128-130.</em></span> 
     </span>
    </p>
   </div>
   <div class='ocr_carea' id='block_1_4' title="bbox 285 360 1654 2854">
    <p class='ocr_par' dir='ltr' id='par_1_4' title="bbox 287 360 1650 555">
     <span class='ocr_line' id='line_1_4' title="bbox 289 360 1650 423; baseline 0 -14"><span class='ocrx_word' id='word_1_7' title='bbox 289 371 442 417; x_wconf 79' lang='grc' dir='ltr'><em>ταῦτα,</em></span> <span class='ocrx_word' id='word_1_8' title='bbox 483 364 760 418; x_wconf 70' lang='grc' dir='ltr'><em>σπασάμενοι</em></span> <span class='ocrx_word' id='word_1_9' title='bbox 790 361 891 414; x_wconf 79' lang='grc' dir='ltr'><em>τοὺς</em></span> <span class='ocrx_word' id='word_1_10' title='bbox 922 360 1125 415; x_wconf 86' lang='grc' dir='ltr'><em>ἀκινάκας</em></span> <span class='ocrx_word' id='word_1_11' title='bbox 1154 368 1368 409; x_wconf 89' lang='grc' dir='ltr'><em>κτείνουσι</em></span> <span class='ocrx_word' id='word_1_12' title='bbox 1403 370 1650 423; x_wconf 79' lang='grc' dir='ltr'><strong><em>παραυτίκα</em></strong></span> 
     </span>
     <span class='ocr_line' id='line_1_5' title="bbox 288 428 1649 490; baseline 0.003 -17"><span class='ocrx_word' id='word_1_13' title='bbox 288 450 373 486; x_wconf 91' lang='grc' dir='ltr'><em>μιν.</em></span> <span class='ocrx_word' id='word_1_14' title='bbox 441 428 553 474; x_wconf 70' lang='grc' dir='ltr'><em>οὕτω</em></span> <span class='ocrx_word' id='word_1_15' title='bbox 600 430 649 487; x_wconf 78' lang='grc' dir='ltr'><em>δὴ</em></span> <span class='ocrx_word' id='word_1_16' title='bbox 690 428 874 488; x_wconf 79' lang='grc' dir='ltr'><strong><em>Ὀροίτην</em></strong></span> <span class='ocrx_word' id='word_1_17' title='bbox 915 429 989 473; x_wconf 86' lang='grc' dir='ltr'><em>τὸν</em></span> <span class='ocrx_word' id='word_1_18' title='bbox 1024 434 1191 487; x_wconf 80' lang='grc' dir='ltr'><em>Πέρσην</em></span> <span class='ocrx_word' id='word_1_19' title='bbox 1233 434 1532 490; x_wconf 88' lang='grc' dir='ltr'><em>Πολυκράτεος</em></span> <span class='ocrx_word' id='word_1_20' title='bbox 1573 438 1649 477; x_wconf 78' lang='grc' dir='ltr'><em>τοῦ</em></span> 
     </span>
     <span class='ocr_line' id='line_1_6' title="bbox 287 500 874 555; baseline -0.002 -13"><span class='ocrx_word' id='word_1_21' title='bbox 287 503 455 554; x_wconf 84' lang='grc' dir='ltr'><strong><em>Σαμίου</em></strong></span> <span class='ocrx_word' id='word_1_22' title='bbox 481 503 617 549; x_wconf 84' lang='grc' dir='ltr'><em>τίσιες</em></span> <span class='ocrx_word' id='word_1_23' title='bbox 641 500 874 555; x_wconf 69' lang='grc' dir='ltr'><em>μετῆλθον.</em></span> 
     </span>
    </p>

    <p class='ocr_par' dir='ltr' id='par_1_5' title="bbox 285 564 1654 2854">
     <span class='ocr_line' id='line_1_7' title="bbox 368 564 1650 626; baseline 0 -16"><span class='ocrx_word' id='word_1_24' title='bbox 368 565 656 620; x_wconf 63' lang='grc' dir='ltr'><em>Ἀπικομένων</em></span> <span class='ocrx_word' id='word_1_25' title='bbox 683 567 728 608; x_wconf 86' lang='lat'><em>55</em></span> <span class='ocrx_word' id='word_1_26' title='bbox 746 568 818 608; x_wconf 86' lang='grc' dir='ltr'><em>καὶ</em></span> <span class='ocrx_word' id='word_1_27' title='bbox 839 564 1220 619; x_wconf 74' lang='grc' dir='ltr'><em>ἀνακομισθέντων</em></span> <span class='ocrx_word' id='word_1_28' title='bbox 1238 570 1323 610; x_wconf 84' lang='grc' dir='ltr'><em>τιῦν</em></span> <span class='ocrx_word' id='word_1_29' title='bbox 1338 564 1529 623; x_wconf 74' lang='grc' dir='ltr'><em>Ὀροίτεω</em></span> <span class='ocrx_word' id='word_1_30' title='bbox 1547 586 1650 626; x_wconf 84' lang='grc' dir='ltr'><em>χρη-</em></span> 
     </span>
     <span class='ocr_line' id='line_1_8' title="bbox 286 632 1651 692; baseline 0.002 -16"><span class='ocrx_word' id='word_1_31' title='bbox 286 634 434 687; x_wconf 82' lang='grc' dir='ltr'><em>μάτων</em></span> <span class='ocrx_word' id='word_1_32' title='bbox 461 633 503 685; x_wconf 82' lang='grc' dir='ltr'><em>ἐς</em></span> <span class='ocrx_word' id='word_1_33' title='bbox 526 633 582 676; x_wconf 82' lang='grc' dir='ltr'><em>τὰ</em></span> <span class='ocrx_word' id='word_1_34' title='bbox 606 638 770 685; x_wconf 86' lang='grc' dir='ltr'><em>Σοῦσα,</em></span> <span class='ocrx_word' id='word_1_35' title='bbox 805 633 1019 689; x_wconf 87' lang='grc' dir='ltr'><em>συνήνεικε</em></span> <span class='ocrx_word' id='word_1_36' title='bbox 1042 634 1182 690; x_wconf 88' lang='grc' dir='ltr'><em>χρόνῳ</em></span> <span class='ocrx_word' id='word_1_37' title='bbox 1216 632 1265 677; x_wconf 81' lang='grc' dir='ltr'><em>οὗ</em></span> <span class='ocrx_word' id='word_1_38' title='bbox 1291 637 1441 691; x_wconf 74' lang='grc' dir='ltr'><em>πολλῷ</em></span> <span class='ocrx_word' id='word_1_39' title='bbox 1472 633 1651 692; x_wconf 74' lang='grc' dir='ltr'><em>ὕστερον</em></span> 
     </span>
     <span class='ocr_line' id='line_1_9' title="bbox 286 699 1650 758; baseline 0.001 -14"><span class='ocrx_word' id='word_1_40' title='bbox 286 703 470 756; x_wconf 75' lang='grc' dir='ltr'><em>βασιλέα</em></span> <span class='ocrx_word' id='word_1_41' title='bbox 484 708 666 757; x_wconf 88' lang='grc' dir='ltr'><em>Δαρεῖον</em></span> <span class='ocrx_word' id='word_1_42' title='bbox 689 701 729 744; x_wconf 84' lang='grc' dir='ltr'><em>ἐν</em></span> <span class='ocrx_word' id='word_1_43' title='bbox 750 699 855 758; x_wconf 81' lang='grc' dir='ltr'><em>ἄγρῃ</em></span> <span class='ocrx_word' id='word_1_44' title='bbox 878 706 1026 757; x_wconf 73' lang='grc' dir='ltr'><em>θηρῶν</em></span> <span class='ocrx_word' id='word_1_45' title='bbox 1042 699 1395 757; x_wconf 74' lang='grc' dir='ltr'><em>ἀποθρώσκοντα</em></span> <span class='ocrx_word' id='word_1_46' title='bbox 1415 700 1489 745; x_wconf 77' lang='grc' dir='ltr'><em>ἀπ’</em></span> <span class='ocrx_word' id='word_1_47' title='bbox 1506 703 1650 746; x_wconf 79' lang='grc' dir='ltr'><em>ἵππου</em></span> 
     </span>
     <span class='ocr_line' id='line_1_10' title="bbox 290 768 1650 828; baseline 0 -16"><span class='ocrx_word' id='word_1_48' title='bbox 290 773 533 827; x_wconf 76' lang='grc' dir='ltr'><em>στραφῆναι</em></span> <span class='ocrx_word' id='word_1_49' title='bbox 558 768 631 812; x_wconf 87' lang='grc' dir='ltr'><em>τὸν</em></span> <span class='ocrx_word' id='word_1_50' title='bbox 656 769 788 812; x_wconf 91' lang='grc' dir='ltr'><em>πόδα.</em></span> <span class='ocrx_word' id='word_1_51' title='bbox 844 773 917 811; x_wconf 87' lang='grc' dir='ltr'><em>καί</em></span> <span class='ocrx_word' id='word_1_52' title='bbox 946 786 1030 820; x_wconf 89' lang='grc' dir='ltr'><em>κως</em></span> <span class='ocrx_word' id='word_1_53' title='bbox 1057 769 1342 826; x_wconf 81' lang='grc' dir='ltr'><em>ἰσχυροτέρως</em></span> <span class='ocrx_word' id='word_1_54' title='bbox 1374 769 1588 828; x_wconf 85' lang='grc' dir='ltr'><em>ἐστράφη·</em></span> <span class='ocrx_word' id='word_1_55' title='bbox 1626 768 1650 812; x_wconf 89' lang='lat'><em>5</em></span> 
     </span>
     <span class='ocr_line' id='line_1_11' title="bbox 287 834 1650 919; baseline 0 -40"><span class='ocrx_word' id='word_1_56' title='bbox 287 837 368 894; x_wconf 88' lang='grc' dir='ltr'><em>γάρ</em></span> <span class='ocrx_word' id='word_1_57' title='bbox 396 837 437 879; x_wconf 82' lang='grc' dir='ltr'><em>οἱ</em></span> <span class='ocrx_word' id='word_1_58' title='bbox 468 835 786 893; x_wconf 86' lang='grc' dir='ltr'><em>ἀστράγαλοςέ</em></span> <span class='ocrx_word' id='word_1_59' title='bbox 769 837 1019 919; x_wconf 56' lang='grc' dir='ltr'><em>εξεὲζώρησε</em></span> <span class='ocrx_word' id='word_1_60' title='bbox 1037 836 1081 879; x_wconf 84' lang='grc' dir='ltr'><em>ἐκ</em></span> <span class='ocrx_word' id='word_1_61' title='bbox 1104 841 1190 879; x_wconf 82' lang='grc' dir='ltr'><em>τῶν</em></span> <span class='ocrx_word' id='word_1_62' title='bbox 1217 834 1411 894; x_wconf 74' lang='grc' dir='ltr'><em>ἄρθρων.</em></span> <span class='ocrx_word' id='word_1_63' title='bbox 1466 837 1650 891; x_wconf 82' lang='grc' dir='ltr'><em>νομίζων</em></span> 
     </span>
     <span class='ocr_line' id='line_1_12' title="bbox 290 903 1652 962; baseline 0 -15"><span class='ocrx_word' id='word_1_64' title='bbox 290 906 336 947; x_wconf 82' lang='grc' dir='ltr'><em>δὲ</em></span> <span class='ocrx_word' id='word_1_65' title='bbox 359 907 431 947; x_wconf 79' lang='grc' dir='ltr'><em>καὶ</em></span> <span class='ocrx_word' id='word_1_66' title='bbox 456 905 669 962; x_wconf 91' lang='grc' dir='ltr'><em>πρότερον</em></span> <span class='ocrx_word' id='word_1_67' title='bbox 694 906 796 961; x_wconf 88' lang='grc' dir='ltr'><em>περὶ</em></span> <span class='ocrx_word' id='word_1_68' title='bbox 822 903 981 947; x_wconf 80' lang='grc' dir='ltr'><em>ἑωυτὸν</em></span> <span class='ocrx_word' id='word_1_69' title='bbox 1007 904 1114 958; x_wconf 84' lang='grc' dir='ltr'><em>ἐ’χειν</em></span> <span class='ocrx_word' id='word_1_70' title='bbox 1132 905 1386 961; x_wconf 78' lang='grc' dir='ltr'><em>Αἰγυπτίων</em></span> <span class='ocrx_word' id='word_1_71' title='bbox 1410 903 1512 955; x_wconf 80' lang='grc' dir='ltr'><em>τοὺς</em></span> <span class='ocrx_word' id='word_1_72' title='bbox 1532 905 1652 948; x_wconf 85' lang='grc' dir='ltr'><em>δοκέ-</em></span> 
     </span>
     <span class='ocr_line' id='line_1_13' title="bbox 290 971 1650 1029; baseline 0 -14"><span class='ocrx_word' id='word_1_73' title='bbox 290 990 414 1023; x_wconf 90' lang='grc' dir='ltr'><em>οντας</em></span> <span class='ocrx_word' id='word_1_74' title='bbox 446 971 555 1016; x_wconf 83' lang='grc' dir='ltr'><em>εἶναι</em></span> <span class='ocrx_word' id='word_1_75' title='bbox 585 972 787 1029; x_wconf 79' lang='grc' dir='ltr'><em>πρώτους</em></span> <span class='ocrx_word' id='word_1_76' title='bbox 817 971 891 1028; x_wconf 78' lang='grc' dir='ltr'><em>τὴν</em></span> <span class='ocrx_word' id='word_1_77' title='bbox 923 971 1125 1029; x_wconf 85' lang='grc' dir='ltr'><em>ἰητρικήν,</em></span> <span class='ocrx_word' id='word_1_78' title='bbox 1158 973 1354 1016; x_wconf 82' lang='grc' dir='ltr'><em>τούτοισι</em></span> <span class='ocrx_word' id='word_1_79' title='bbox 1380 972 1546 1028; x_wconf 83' lang='grc' dir='ltr'><em>ἐχρᾶτο.</em></span> <span class='ocrx_word' id='word_1_80' title='bbox 1608 973 1650 1015; x_wconf 78' lang='grc' dir='ltr'><em>οἱ</em></span> 
     </span>
     <span class='ocr_line' id='line_1_14' title="bbox 290 1039 1651 1097; baseline -0.001 -14"><span class='ocrx_word' id='word_1_81' title='bbox 290 1041 336 1083; x_wconf 82' lang='grc' dir='ltr'><em>δὲ</em></span> <span class='ocrx_word' id='word_1_82' title='bbox 356 1042 656 1097; x_wconf 76' lang='grc' dir='ltr'><em>στρεβλοῦντες</em></span> <span class='ocrx_word' id='word_1_83' title='bbox 675 1042 745 1083; x_wconf 82' lang='grc' dir='ltr'><em>καὶ</em></span> <span class='ocrx_word' id='word_1_84' title='bbox 764 1041 984 1094; x_wconf 76' lang='grc' dir='ltr'><em>βιευιιενοι</em></span> <span class='ocrx_word' id='word_1_85' title='bbox 1003 1039 1076 1082; x_wconf 83' lang='grc' dir='ltr'><em>τὸν</em></span> <span class='ocrx_word' id='word_1_86' title='bbox 1095 1040 1216 1083; x_wconf 92' lang='grc' dir='ltr'><em>πόδα</em></span> <span class='ocrx_word' id='word_1_87' title='bbox 1234 1039 1360 1083; x_wconf 87' lang='grc' dir='ltr'><em>κακὸν</em></span> <span class='ocrx_word' id='word_1_88' title='bbox 1379 1041 1506 1094; x_wconf 77' lang='grc' dir='ltr'><em>μέζον</em></span> <span class='ocrx_word' id='word_1_89' title='bbox 1527 1039 1651 1096; x_wconf 84' lang='grc' dir='ltr'><em>ἐργά-</em></span> 
     </span>
     <span class='ocr_line' id='line_1_15' title="bbox 290 1105 1649 1164; baseline 0 -14"><span class='ocrx_word' id='word_1_90' title='bbox 290 1108 425 1160; x_wconf 81' lang='grc' dir='ltr'><em>ζοντο.</em></span> <span class='ocrx_word' id='word_1_91' title='bbox 464 1105 529 1150; x_wconf 72' lang='grc' dir='ltr'><em>ἐπ’</em></span> <span class='ocrx_word' id='word_1_92' title='bbox 547 1106 658 1150; x_wconf 77' lang='grc' dir='ltr'><em>ἑπτὰ</em></span> <span class='ocrx_word' id='word_1_93' title='bbox 683 1109 759 1162; x_wconf 82' lang='grc' dir='ltr'><em>μὲν</em></span> <span class='ocrx_word' id='word_1_94' title='bbox 786 1106 836 1163; x_wconf 76' lang='grc' dir='ltr'><em>δὴ</em></span> <span class='ocrx_word' id='word_1_95' title='bbox 862 1105 1023 1164; x_wconf 83' lang='grc' dir='ltr'><em>ἡμέρας</em></span> <span class='ocrx_word' id='word_1_96' title='bbox 1047 1109 1119 1149; x_wconf 86' lang='grc' dir='ltr'><em>καὶ</em></span> <span class='ocrx_word' id='word_1_97' title='bbox 1145 1106 1256 1151; x_wconf 81' lang='grc' dir='ltr'><em>ἑπτὰ</em></span> <span class='ocrx_word' id='word_1_98' title='bbox 1281 1108 1434 1158; x_wconf 80' lang='grc' dir='ltr'><em>νύκτας</em></span> <span class='ocrx_word' id='word_1_99' title='bbox 1459 1106 1545 1150; x_wconf 76' lang='grc' dir='ltr'><em>ὑπὸ</em></span> <span class='ocrx_word' id='word_1_100' title='bbox 1572 1112 1649 1150; x_wconf 88' lang='grc' dir='ltr'><em>τοῦ</em></span> 
     </span>
     <span class='ocr_line' id='line_1_16' title="bbox 288 1173 1648 1232; baseline -0.001 -14"><span class='ocrx_word' id='word_1_101' title='bbox 288 1175 528 1230; x_wconf 84' lang='grc' dir='ltr'><em>παρεόντος</em></span> <span class='ocrx_word' id='word_1_102' title='bbox 553 1179 681 1217; x_wconf 80' lang='grc' dir='ltr'><em>κακοῦ</em></span> <span class='ocrx_word' id='word_1_103' title='bbox 709 1173 731 1218; x_wconf 89' lang='lat'><em>5</em></span> <span class='ocrx_word' id='word_1_104' title='bbox 759 1182 942 1231; x_wconf 88' lang='grc' dir='ltr'><em>Δαρεῖος</em></span> <span class='ocrx_word' id='word_1_105' title='bbox 969 1173 1228 1232; x_wconf 74' lang='grc' dir='ltr'><em>ἀγρυπνίῃσι</em></span> <span class='ocrx_word' id='word_1_106' title='bbox 1253 1175 1408 1228; x_wconf 75' lang='grc' dir='ltr'><em>εἴχετο,</em></span> <span class='ocrx_word' id='word_1_107' title='bbox 1441 1179 1492 1232; x_wconf 82' lang='grc' dir='ltr'><em>τῇ</em></span> <span class='ocrx_word' id='word_1_108' title='bbox 1525 1175 1570 1217; x_wconf 86' lang='lat'><em>55</em></span> <span class='ocrx_word' id='word_1_109' title='bbox 1597 1173 1648 1231; x_wconf 75' lang='grc' dir='ltr'><em>δὴ</em></span> 
     </span>
     <span class='ocr_line' id='line_1_17' title="bbox 290 1240 1649 1299; baseline -0.001 -14"><span class='ocrx_word' id='word_1_110' title='bbox 290 1240 419 1298; x_wconf 77' lang='grc' dir='ltr'><em>ὀγδόῃ</em></span> <span class='ocrx_word' id='word_1_111' title='bbox 445 1240 578 1298; x_wconf 79' lang='grc' dir='ltr'><em>ἡμέρῃ</em></span> <span class='ocrx_word' id='word_1_112' title='bbox 602 1242 739 1295; x_wconf 68' lang='grc' dir='ltr'><em>ἔχοντί</em></span> <span class='ocrx_word' id='word_1_113' title='bbox 759 1243 800 1284; x_wconf 80' lang='grc' dir='ltr'><em>οἱ</em></span> <span class='ocrx_word' id='word_1_114' title='bbox 825 1242 1031 1299; x_wconf 78' lang='grc' dir='ltr'><em>φλαύρως</em></span> <span class='ocrx_word' id='word_1_115' title='bbox 1049 1242 1332 1299; x_wconf 79' lang='grc' dir='ltr'><em>παρακούσας</em></span> <span class='ocrx_word' id='word_1_116' title='bbox 1351 1260 1416 1293; x_wconf 90' lang='grc' dir='ltr'><em>τις</em></span> <span class='ocrx_word' id='word_1_117' title='bbox 1435 1242 1649 1298; x_wconf 88' lang='grc' dir='ltr'><em>πρότερον</em></span> 
     </span>
     <span class='ocr_line' id='line_1_18' title="bbox 290 1309 1651 1366; baseline -0.001 -13"><span class='ocrx_word' id='word_1_118' title='bbox 290 1310 352 1353; x_wconf 68' lang='grc' dir='ltr'><em>ἔτι</em></span> <span class='ocrx_word' id='word_1_119' title='bbox 378 1309 419 1353; x_wconf 85' lang='grc' dir='ltr'><em>ἐν</em></span> <span class='ocrx_word' id='word_1_120' title='bbox 444 1310 630 1366; x_wconf 76' lang='grc' dir='ltr'><em>Σάρδισι</em></span> <span class='ocrx_word' id='word_1_121' title='bbox 660 1314 735 1352; x_wconf 85' lang='grc' dir='ltr'><em>τοῦ</em></span> <span class='ocrx_word' id='word_1_122' title='bbox 762 1310 1070 1366; x_wconf 70' lang='grc' dir='ltr'><em>Κροτωνιήτεω</em></span> <span class='ocrx_word' id='word_1_123' title='bbox 1101 1310 1375 1366; x_wconf 77' lang='grc' dir='ltr'><em>Δημοκήδεος</em></span> <span class='ocrx_word' id='word_1_124' title='bbox 1406 1309 1480 1366; x_wconf 69' lang='grc' dir='ltr'><em>τήν</em></span> <span class='ocrx_word' id='word_1_125' title='bbox 1505 1309 1651 1364; x_wconf 84' lang='grc' dir='ltr'><em>τέχνην</em></span> 
     </span>
     <span class='ocr_line' id='line_1_19' title="bbox 289 1374 1647 1433; baseline -0.001 -14"><span class='ocrx_word' id='word_1_126' title='bbox 289 1375 481 1433; x_wconf 74' lang='grc' dir='ltr'><em>ἀγγέλλει</em></span> <span class='ocrx_word' id='word_1_127' title='bbox 511 1382 571 1432; x_wconf 80' lang='grc' dir='ltr'><em>τῴ</em></span> <span class='ocrx_word' id='word_1_128' title='bbox 599 1381 789 1432; x_wconf 84' lang='grc' dir='ltr'><em>Δαρείῳ·</em></span> <span class='ocrx_word' id='word_1_129' title='bbox 829 1374 850 1419; x_wconf 89' lang='lat'><em>5</em></span> <span class='ocrx_word' id='word_1_130' title='bbox 884 1378 929 1419; x_wconf 82' lang='lat'><em>55</em></span> <span class='ocrx_word' id='word_1_131' title='bbox 962 1374 1079 1432; x_wconf 75' lang='grc' dir='ltr'><em>ἄγειν</em></span> <span class='ocrx_word' id='word_1_132' title='bbox 1109 1395 1182 1431; x_wconf 89' lang='grc' dir='ltr'><em>μιν</em></span> <span class='ocrx_word' id='word_1_133' title='bbox 1212 1377 1286 1432; x_wconf 79' lang='grc' dir='ltr'><em>τὴν</em></span> <span class='ocrx_word' id='word_1_134' title='bbox 1316 1380 1519 1432; x_wconf 80' lang='grc' dir='ltr'><em>ταχίστην</em></span> <span class='ocrx_word' id='word_1_135' title='bbox 1544 1374 1647 1433; x_wconf 78' lang='grc' dir='ltr'><em>παρ’</em></span> 
     </span>
     <span class='ocr_line' id='line_1_20' title="bbox 288 1441 1648 1500; baseline -0.001 -13"><span class='ocrx_word' id='word_1_136' title='bbox 288 1444 446 1487; x_wconf 78' lang='grc' dir='ltr'><em>ἑωυτὸν</em></span> <span class='ocrx_word' id='word_1_137' title='bbox 483 1444 689 1487; x_wconf 83' lang='grc' dir='ltr'><em>ἐκέλευσε.</em></span> <span class='ocrx_word' id='word_1_138' title='bbox 749 1443 823 1486; x_wconf 86' lang='grc' dir='ltr'><em>τὸν</em></span> <span class='ocrx_word' id='word_1_139' title='bbox 861 1445 907 1486; x_wconf 84' lang='grc' dir='ltr'><em>δὲ</em></span> <span class='ocrx_word' id='word_1_140' title='bbox 944 1441 1003 1494; x_wconf 77' lang='grc' dir='ltr'><em>(ὃς</em></span> <span class='ocrx_word' id='word_1_141' title='bbox 1036 1444 1203 1499; x_wconf 78' lang='grc' dir='ltr'><em>ἐξεῦρον</em></span> <span class='ocrx_word' id='word_1_142' title='bbox 1240 1444 1281 1486; x_wconf 87' lang='grc' dir='ltr'><em>ἐν</em></span> <span class='ocrx_word' id='word_1_143' title='bbox 1310 1452 1430 1487; x_wconf 86' lang='grc' dir='ltr'><em>τοῖσι</em></span> <span class='ocrx_word' id='word_1_144' title='bbox 1456 1442 1648 1500; x_wconf 80' lang='grc' dir='ltr'><em>Ὀροίτεω</em></span> 
     </span>
     <span class='ocr_line' id='line_1_21' title="bbox 289 1509 1651 1568; baseline 0 -14"><span class='ocrx_word' id='word_1_145' title='bbox 289 1510 608 1568; x_wconf 78' lang='grc' dir='ltr'><em>ἀνδραπόδοισι</em></span> <span class='ocrx_word' id='word_1_146' title='bbox 639 1509 795 1566; x_wconf 81' lang='grc' dir='ltr'><em>ὁκουδὴ</em></span> <span class='ocrx_word' id='word_1_147' title='bbox 829 1509 1175 1567; x_wconf 74' lang='grc' dir='ltr'><em>ἀπημελημένον,</em></span> <span class='ocrx_word' id='word_1_148' title='bbox 1215 1515 1409 1568; x_wconf 87' lang='grc' dir='ltr'><em>παρῆγον</em></span> <span class='ocrx_word' id='word_1_149' title='bbox 1447 1510 1489 1562; x_wconf 84' lang='grc' dir='ltr'><em>ἐς</em></span> <span class='ocrx_word' id='word_1_150' title='bbox 1519 1515 1651 1565; x_wconf 85' lang='grc' dir='ltr'><em>μέσον</em></span> 
     </span>
     <span class='ocr_line' id='line_1_22' title="bbox 286 1578 1650 1636; baseline 0 -15"><span class='ocrx_word' id='word_1_151' title='bbox 286 1579 425 1629; x_wconf 81' lang='grc' dir='ltr'><em>πέδας</em></span> <span class='ocrx_word' id='word_1_152' title='bbox 448 1596 494 1622; x_wconf 91' lang='grc' dir='ltr'><em>τε</em></span> <span class='ocrx_word' id='word_1_153' title='bbox 521 1579 695 1621; x_wconf 74' lang='grc' dir='ltr'><em>ἕλκοντα</em></span> <span class='ocrx_word' id='word_1_154' title='bbox 719 1580 791 1621; x_wconf 81' lang='grc' dir='ltr'><em>καὶ</em></span> <span class='ocrx_word' id='word_1_155' title='bbox 817 1579 966 1636; x_wconf 81' lang='grc' dir='ltr'><em>ῥάκεσι</em></span> <span class='ocrx_word' id='word_1_156' title='bbox 992 1578 1245 1635; x_wconf 72' lang='grc' dir='ltr'><em>ἐσθημένον.</em></span> <span class='ocrx_word' id='word_1_157' title='bbox 1296 1578 1516 1622; x_wconf 70' lang='grc' dir='ltr'><em>σταθέντα</em></span> <span class='ocrx_word' id='word_1_158' title='bbox 1542 1579 1588 1621; x_wconf 83' lang='grc' dir='ltr'><em>δὲ</em></span> <span class='ocrx_word' id='word_1_159' title='bbox 1607 1578 1650 1630; x_wconf 81' lang='grc' dir='ltr'><em>ἐς</em></span> 
     </span>
     <span class='ocr_line' id='line_1_23' title="bbox 287 1643 1652 1704; baseline -0.001 -15"><span class='ocrx_word' id='word_1_160' title='bbox 287 1650 416 1702; x_wconf 85' lang='grc' dir='ltr'><em>μέσον</em></span> <span class='ocrx_word' id='word_1_161' title='bbox 448 1647 607 1703; x_wconf 81' lang='grc' dir='ltr'><em>εἷριύτα</em></span> <span class='ocrx_word' id='word_1_162' title='bbox 640 1645 662 1689; x_wconf 93' lang='lat'><em>5</em></span> <span class='ocrx_word' id='word_1_163' title='bbox 694 1654 880 1704; x_wconf 89' lang='grc' dir='ltr'><em>Δαρεῖος</em></span> <span class='ocrx_word' id='word_1_164' title='bbox 909 1645 985 1703; x_wconf 82' lang='grc' dir='ltr'><em>τὴν</em></span> <span class='ocrx_word' id='word_1_165' title='bbox 1015 1650 1160 1703; x_wconf 87' lang='grc' dir='ltr'><em>τέχνην</em></span> <span class='ocrx_word' id='word_1_166' title='bbox 1193 1647 1231 1690; x_wconf 85' lang='grc' dir='ltr'><em>εἰ</em></span> <span class='ocrx_word' id='word_1_167' title='bbox 1263 1646 1511 1690; x_wconf 76' lang='grc' dir='ltr'><em>ἐπίσταιτο</em></span> <span class='ocrx_word' id='word_1_168' title='bbox 1551 1643 1573 1689; x_wconf 89' lang='lat'><em>5</em></span> <span class='ocrx_word' id='word_1_169' title='bbox 1607 1644 1652 1688; x_wconf 64' lang='grc' dir='ltr'><em>δ’</em></span> 
     </span>
     <span class='ocr_line' id='line_1_24' title="bbox 288 1712 1652 1772; baseline 0 -15"><span class='ocrx_word' id='word_1_170' title='bbox 288 1713 362 1757; x_wconf 73' lang='grc' dir='ltr'><em>οὐκ</em></span> <span class='ocrx_word' id='word_1_171' title='bbox 387 1712 637 1766; x_wconf 82' lang='grc' dir='ltr'><em>ὗπεδεκετο,</em></span> <span class='ocrx_word' id='word_1_172' title='bbox 673 1712 902 1771; x_wconf 73' lang='grc' dir='ltr'><em>ἀρρωδέων</em></span> <span class='ocrx_word' id='word_1_173' title='bbox 933 1713 990 1771; x_wconf 79' lang='grc' dir='ltr'><em>μὴ</em></span> <span class='ocrx_word' id='word_1_174' title='bbox 1024 1713 1182 1757; x_wconf 81' lang='grc' dir='ltr'><em>ἑωυτὸν</em></span> <span class='ocrx_word' id='word_1_175' title='bbox 1216 1714 1401 1772; x_wconf 77' lang='grc' dir='ltr'><em>ἐκφήνας</em></span> <span class='ocrx_word' id='word_1_176' title='bbox 1431 1713 1480 1757; x_wconf 86' lang='grc' dir='ltr'><em>τὸ</em></span> <span class='ocrx_word' id='word_1_177' title='bbox 1506 1713 1652 1771; x_wconf 91' lang='grc' dir='ltr'><em>παρά-</em></span> 
     </span>
     <span class='ocr_line' id='line_1_25' title="bbox 287 1779 1651 1840; baseline -0.001 -14.999"><span class='ocrx_word' id='word_1_178' title='bbox 287 1800 374 1825; x_wconf 88' lang='grc' dir='ltr'><em>παν</em></span> <span class='ocrx_word' id='word_1_179' title='bbox 409 1787 484 1839; x_wconf 82' lang='grc' dir='ltr'><em>τῆς</em></span> <span class='ocrx_word' id='word_1_180' title='bbox 515 1779 716 1833; x_wconf 80' lang='grc' dir='ltr'><em>Ἑλλάδος</em></span> <span class='ocrx_word' id='word_1_181' title='bbox 751 1799 777 1840; x_wconf 85' lang='grc' dir='ltr'><em>ῃ</em></span> <span class='ocrx_word' id='word_1_182' title='bbox 816 1780 1176 1839; x_wconf 85' lang='grc' dir='ltr'><em>ἀπεστερημένος.</em></span> <span class='ocrx_word' id='word_1_183' title='bbox 1237 1782 1455 1840; x_wconf 86' lang='grc' dir='ltr'><em>κατεφάνη</em></span> <span class='ocrx_word' id='word_1_184' title='bbox 1501 1783 1547 1824; x_wconf 83' lang='grc' dir='ltr'><em>δὲ</em></span> <span class='ocrx_word' id='word_1_185' title='bbox 1589 1785 1651 1837; x_wconf 81' lang='grc' dir='ltr'><em>τιῦ</em></span> 
     </span>
     <span class='ocr_line' id='line_1_26' title="bbox 286 1847 1652 1908; baseline -0.001 -15"><span class='ocrx_word' id='word_1_186' title='bbox 286 1855 457 1908; x_wconf 87' lang='grc' dir='ltr'><em>Δαρείω</em></span> <span class='ocrx_word' id='word_1_187' title='bbox 483 1848 739 1903; x_wconf 76' lang='grc' dir='ltr'><em>τεχνάζειν’</em></span> <span class='ocrx_word' id='word_1_188' title='bbox 722 1850 1022 1905; x_wconf 86' lang='grc' dir='ltr'><em>επιστάμενος,</em></span> <span class='ocrx_word' id='word_1_189' title='bbox 1048 1852 1120 1893; x_wconf 83' lang='grc' dir='ltr'><em>καὶ</em></span> <span class='ocrx_word' id='word_1_190' title='bbox 1145 1849 1246 1900; x_wconf 78' lang='grc' dir='ltr'><em>τοὺς</em></span> <span class='ocrx_word' id='word_1_191' title='bbox 1265 1849 1503 1906; x_wconf 77' lang='grc' dir='ltr'><em>ἀγαγόντας</em></span> <span class='ocrx_word' id='word_1_192' title='bbox 1523 1847 1652 1893; x_wconf 73' lang='grc' dir='ltr'><em>αὐτὸν</em></span> 
     </span>
     <span class='ocr_line' id='line_1_27' title="bbox 288 1917 1650 1998; baseline -0.001 -37"><span class='ocrx_word' id='word_1_193' title='bbox 288 1917 480 1961; x_wconf 81' lang='grc' dir='ltr'><em>ἐκέλευσε</em></span> <span class='ocrx_word' id='word_1_194' title='bbox 504 1918 720 1972; x_wconf 86' lang='grc' dir='ltr'><em>μάστιγάς</em></span> <span class='ocrx_word' id='word_1_195' title='bbox 744 1934 791 1960; x_wconf 89' lang='grc' dir='ltr'><em>τε</em></span> <span class='ocrx_word' id='word_1_196' title='bbox 815 1920 886 1960; x_wconf 82' lang='grc' dir='ltr'><em>καὶ</em></span> <span class='ocrx_word' id='word_1_197' title='bbox 911 1917 1062 1975; x_wconf 85' lang='grc' dir='ltr'><em>κέντρα</em></span> <span class='ocrx_word' id='word_1_198' title='bbox 1071 1921 1353 1998; x_wconf 88' lang='grc' dir='ltr'><em>παραφέρειν</em></span> <span class='ocrx_word' id='word_1_199' title='bbox 1374 1917 1417 1968; x_wconf 85' lang='grc' dir='ltr'><em>ἐς</em></span> <span class='ocrx_word' id='word_1_200' title='bbox 1434 1917 1483 1960; x_wconf 87' lang='grc' dir='ltr'><em>τὸ</em></span> <span class='ocrx_word' id='word_1_201' title='bbox 1503 1917 1650 1971; x_wconf 89' lang='grc' dir='ltr'><em>μέσον.</em></span> 
     </span>
     <span class='ocr_line' id='line_1_28' title="bbox 289 1983 1651 2042; baseline -0.001 -14"><span class='ocrx_word' id='word_1_202' title='bbox 289 1983 310 2028; x_wconf 95' lang='lat'><em>5</em></span> <span class='ocrx_word' id='word_1_203' title='bbox 339 1986 384 2028; x_wconf 84' lang='lat'><em>55</em></span> <span class='ocrx_word' id='word_1_204' title='bbox 410 1985 602 2028; x_wconf 73' lang='grc' dir='ltr'><em>ἐνθαῦτα</em></span> <span class='ocrx_word' id='word_1_205' title='bbox 629 1984 678 2041; x_wconf 89' lang='grc' dir='ltr'><em>δη</em></span> <span class='ocrx_word' id='word_1_206' title='bbox 707 1986 765 2027; x_wconf 82' lang='grc' dir='ltr'><em>ὠν</em></span> <span class='ocrx_word' id='word_1_207' title='bbox 792 1984 996 2041; x_wconf 85' lang='grc' dir='ltr'><em>ἐκφαίνει,</em></span> <span class='ocrx_word' id='word_1_208' title='bbox 1025 2002 1113 2042; x_wconf 87' lang='grc' dir='ltr'><em>φας</em></span> <span class='ocrx_word' id='word_1_209' title='bbox 1132 1984 1343 2041; x_wconf 87' lang='grc' dir='ltr'><em>ἀτρεκέως</em></span> <span class='ocrx_word' id='word_1_210' title='bbox 1361 1986 1438 2039; x_wconf 77' lang='grc' dir='ltr'><em>μὲν</em></span> <span class='ocrx_word' id='word_1_211' title='bbox 1459 1983 1534 2027; x_wconf 81' lang='grc' dir='ltr'><em>οὗκ</em></span> <span class='ocrx_word' id='word_1_212' title='bbox 1555 1984 1651 2028; x_wconf 83' lang='grc' dir='ltr'><em>ἐπί-</em></span> 
     </span>
     <span class='ocr_line' id='line_1_29' title="bbox 289 2050 1648 2109; baseline -0.001 -14"><span class='ocrx_word' id='word_1_213' title='bbox 289 2057 501 2103; x_wconf 74' lang='grc' dir='ltr'><em>στασθαι,</em></span> <span class='ocrx_word' id='word_1_214' title='bbox 537 2050 748 2108; x_wconf 80' lang='grc' dir='ltr'><em>ὁμιλήσας</em></span> <span class='ocrx_word' id='word_1_215' title='bbox 780 2052 826 2094; x_wconf 83' lang='lat'><em>55</em></span> <span class='ocrx_word' id='word_1_216' title='bbox 859 2052 991 2108; x_wconf 82' lang='grc' dir='ltr'><em>ἰητριῦ</em></span> <span class='ocrx_word' id='word_1_217' title='bbox 1023 2052 1266 2109; x_wconf 84' lang='grc' dir='ltr'><em>φλαύρως’</em></span> <span class='ocrx_word' id='word_1_218' title='bbox 1255 2052 1363 2104; x_wconf 67' lang='grc' dir='ltr'><em>ε’χειν</em></span> <span class='ocrx_word' id='word_1_219' title='bbox 1392 2070 1466 2107; x_wconf 89' lang='grc' dir='ltr'><em>την</em></span> <span class='ocrx_word' id='word_1_220' title='bbox 1491 2055 1648 2107; x_wconf 85' lang='grc' dir='ltr'><em>τέχνην.</em></span> 
     </span>
     <span class='ocr_line' id='line_1_30' title="bbox 286 2117 1652 2176; baseline -0.001 -14"><span class='ocrx_word' id='word_1_221' title='bbox 286 2118 396 2174; x_wconf 82' lang='grc' dir='ltr'><em>μετὰ</em></span> <span class='ocrx_word' id='word_1_222' title='bbox 427 2120 473 2162; x_wconf 90' lang='lat'><em>55</em></span> <span class='ocrx_word' id='word_1_223' title='bbox 505 2117 564 2170; x_wconf 77' lang='grc' dir='ltr'><em>ὥς</em></span> <span class='ocrx_word' id='word_1_224' title='bbox 596 2119 637 2162; x_wconf 82' lang='grc' dir='ltr'><em>οἱ</em></span> <span class='ocrx_word' id='word_1_225' title='bbox 668 2118 899 2175; x_wconf 79' lang='grc' dir='ltr'><em>ἐπέτρεψε,</em></span> <span class='ocrx_word' id='word_1_226' title='bbox 934 2118 1215 2176; x_wconf 84' lang='grc' dir='ltr'><em>Ἑλληνικοῖσι</em></span> <span class='ocrx_word' id='word_1_227' title='bbox 1241 2119 1392 2175; x_wconf 84' lang='grc' dir='ltr'><em>ἰήμασι</em></span> <span class='ocrx_word' id='word_1_228' title='bbox 1422 2119 1652 2174; x_wconf 86' lang='grc' dir='ltr'><em>χρεόμενος</em></span> 
     </span>
     <span class='ocr_line' id='line_1_31' title="bbox 288 2183 1652 2247; baseline -0.001 -17"><span class='ocrx_word' id='word_1_229' title='bbox 288 2189 359 2230; x_wconf 87' lang='grc' dir='ltr'><em>καὶ</em></span> <span class='ocrx_word' id='word_1_230' title='bbox 389 2184 501 2243; x_wconf 79' lang='grc' dir='ltr'><em>ἤπια</em></span> <span class='ocrx_word' id='word_1_231' title='bbox 530 2185 639 2241; x_wconf 81' lang='grc' dir='ltr'><em>μετὰ</em></span> <span class='ocrx_word' id='word_1_232' title='bbox 669 2185 723 2228; x_wconf 82' lang='grc' dir='ltr'><em>τὰ</em></span> <span class='ocrx_word' id='word_1_233' title='bbox 752 2185 909 2247; x_wconf 52' lang='grc' dir='ltr'><em>7ἰσχυρδε</em></span> <span class='ocrx_word' id='word_1_234' title='bbox 939 2187 1174 2244; x_wconf 87' lang='grc' dir='ltr'><em>προσάγων</em></span> <span class='ocrx_word' id='word_1_235' title='bbox 1205 2183 1343 2230; x_wconf 68' lang='grc' dir='ltr'><em>ὕπνου</em></span> <span class='ocrx_word' id='word_1_236' title='bbox 1374 2189 1422 2228; x_wconf 83' lang='grc' dir='ltr'><em>τέ</em></span> <span class='ocrx_word' id='word_1_237' title='bbox 1450 2203 1523 2240; x_wconf 90' lang='grc' dir='ltr'><em>μιν</em></span> <span class='ocrx_word' id='word_1_238' title='bbox 1548 2188 1652 2242; x_wconf 84' lang='grc' dir='ltr'><em>λαγ-</em></span> 
     </span>
     <span class='ocr_line' id='line_1_32' title="bbox 285 2252 1652 2311; baseline -0.001 -13"><span class='ocrx_word' id='word_1_239' title='bbox 285 2255 427 2309; x_wconf 91' lang='grc' dir='ltr'><em>χάνειν</em></span> <span class='ocrx_word' id='word_1_240' title='bbox 459 2254 605 2297; x_wconf 86' lang='grc' dir='ltr'><em>ἐποίεε</em></span> <span class='ocrx_word' id='word_1_241' title='bbox 636 2255 708 2296; x_wconf 81' lang='grc' dir='ltr'><em>καὶ</em></span> <span class='ocrx_word' id='word_1_242' title='bbox 739 2253 780 2297; x_wconf 88' lang='grc' dir='ltr'><em>ἐν</em></span> <span class='ocrx_word' id='word_1_243' title='bbox 807 2254 948 2311; x_wconf 81' lang='grc' dir='ltr'><em>χρόνῳ</em></span> <span class='ocrx_word' id='word_1_244' title='bbox 982 2252 1111 2310; x_wconf 87' lang='grc' dir='ltr'><em>ὀλίγῳ</em></span> <span class='ocrx_word' id='word_1_245' title='bbox 1143 2252 1265 2310; x_wconf 78' lang='grc' dir='ltr'><em>ὖγιέα</em></span> <span class='ocrx_word' id='word_1_246' title='bbox 1294 2272 1367 2308; x_wconf 92' lang='grc' dir='ltr'><em>μιν</em></span> <span class='ocrx_word' id='word_1_247' title='bbox 1399 2253 1524 2297; x_wconf 89' lang='grc' dir='ltr'><em>ἐόντα</em></span> <span class='ocrx_word' id='word_1_248' title='bbox 1551 2253 1652 2297; x_wconf 88' lang='grc' dir='ltr'><em>ἐπέ-</em></span> 
     </span>
     <span class='ocr_line' id='line_1_33' title="bbox 289 2320 1652 2378; baseline -0.001 -13"><span class='ocrx_word' id='word_1_249' title='bbox 289 2324 393 2375; x_wconf 80' lang='grc' dir='ltr'><em>δεξε,</em></span> <span class='ocrx_word' id='word_1_250' title='bbox 423 2320 592 2377; x_wconf 70' lang='grc' dir='ltr'><em>οὐδαμὰ</em></span> <span class='ocrx_word' id='word_1_251' title='bbox 618 2321 682 2365; x_wconf 69' lang='grc' dir='ltr'><em>ἔτι</em></span> <span class='ocrx_word' id='word_1_252' title='bbox 708 2321 938 2374; x_wconf 80' lang='grc' dir='ltr'><em>ἐλπίζοντα</em></span> <span class='ocrx_word' id='word_1_253' title='bbox 963 2320 1175 2378; x_wconf 87' lang='grc' dir='ltr'><em>ἀρτίπουν</em></span> <span class='ocrx_word' id='word_1_254' title='bbox 1200 2321 1398 2365; x_wconf 69' lang='grc' dir='ltr'><em>ἔσεσθαι.</em></span> <span class='ocrx_word' id='word_1_255' title='bbox 1443 2323 1652 2378; x_wconf 82' lang='grc' dir='ltr'><em>δωρέεται</em></span> 
     </span>
     <span class='ocr_line' id='line_1_34' title="bbox 289 2387 1653 2447; baseline 0 -14"><span class='ocrx_word' id='word_1_256' title='bbox 289 2390 338 2447; x_wconf 82' lang='grc' dir='ltr'><em>δή</em></span> <span class='ocrx_word' id='word_1_257' title='bbox 365 2408 437 2445; x_wconf 90' lang='grc' dir='ltr'><em>μιν</em></span> <span class='ocrx_word' id='word_1_258' title='bbox 461 2389 571 2444; x_wconf 83' lang='grc' dir='ltr'><em>μετὰ</em></span> <span class='ocrx_word' id='word_1_259' title='bbox 601 2394 737 2432; x_wconf 84' lang='grc' dir='ltr'><em>ταῦτα</em></span> <span class='ocrx_word' id='word_1_260' title='bbox 769 2387 791 2432; x_wconf 88' lang='lat'><em>5</em></span> <span class='ocrx_word' id='word_1_261' title='bbox 819 2397 1004 2445; x_wconf 86' lang='grc' dir='ltr'><em>Δαρεῖος</em></span> <span class='ocrx_word' id='word_1_262' title='bbox 1035 2389 1203 2433; x_wconf 86' lang='grc' dir='ltr'><em>πεδέων</em></span> <span class='ocrx_word' id='word_1_263' title='bbox 1225 2389 1417 2445; x_wconf 86' lang='grc' dir='ltr'><em>χρυσέων</em></span> <span class='ocrx_word' id='word_1_264' title='bbox 1450 2390 1527 2433; x_wconf 81' lang='grc' dir='ltr'><em>δύο</em></span> <span class='ocrx_word' id='word_1_265' title='bbox 1560 2390 1653 2443; x_wconf 85' lang='grc' dir='ltr'><em>ζεύ-</em></span> 
     </span>
     <span class='ocr_line' id='line_1_35' title="bbox 287 2456 1654 2515; baseline -0.001 -13"><span class='ocrx_word' id='word_1_266' title='bbox 287 2471 400 2515; x_wconf 89' lang='grc' dir='ltr'><em>γεσι·</em></span> <span class='ocrx_word' id='word_1_267' title='bbox 427 2456 448 2502; x_wconf 89' lang='lat'><em>5</em></span> <span class='ocrx_word' id='word_1_268' title='bbox 477 2457 529 2502; x_wconf 85' lang='grc' dir='ltr'><em>δέ</em></span> <span class='ocrx_word' id='word_1_269' title='bbox 547 2475 620 2513; x_wconf 91' lang='grc' dir='ltr'><em>μιν</em></span> <span class='ocrx_word' id='word_1_270' title='bbox 646 2457 841 2514; x_wconf 77' lang='grc' dir='ltr'><em>ἐπείρετο</em></span> <span class='ocrx_word' id='word_1_271' title='bbox 862 2458 904 2500; x_wconf 82' lang='grc' dir='ltr'><em>εἴ</em></span> <span class='ocrx_word' id='word_1_272' title='bbox 921 2457 962 2499; x_wconf 86' lang='grc' dir='ltr'><em>οἱ</em></span> <span class='ocrx_word' id='word_1_273' title='bbox 983 2458 1214 2514; x_wconf 86' lang='grc' dir='ltr'><em>διπλήσιον</em></span> <span class='ocrx_word' id='word_1_274' title='bbox 1233 2456 1282 2501; x_wconf 81' lang='grc' dir='ltr'><em>τὸ</em></span> <span class='ocrx_word' id='word_1_275' title='bbox 1303 2456 1430 2501; x_wconf 84' lang='grc' dir='ltr'><em>κακὸν</em></span> <span class='ocrx_word' id='word_1_276' title='bbox 1451 2457 1654 2513; x_wconf 85' lang='grc' dir='ltr'><em>ἐπίτηδες</em></span> 
     </span>
     <span class='ocr_line' id='line_1_36' title="bbox 288 2523 1653 2582; baseline -0.001 -13"><span class='ocrx_word' id='word_1_277' title='bbox 288 2530 417 2580; x_wconf 80' lang='grc' dir='ltr'><em>νέιιει,</em></span> <span class='ocrx_word' id='word_1_278' title='bbox 445 2523 515 2569; x_wconf 78' lang='grc' dir='ltr'><em>ὅτι</em></span> <span class='ocrx_word' id='word_1_279' title='bbox 532 2543 606 2580; x_wconf 88' lang='grc' dir='ltr'><em>μιν</em></span> <span class='ocrx_word' id='word_1_280' title='bbox 626 2524 748 2581; x_wconf 81' lang='grc' dir='ltr'><em>ὖγιεα</em></span> <span class='ocrx_word' id='word_1_281' title='bbox 768 2524 961 2582; x_wconf 82' lang='grc' dir='ltr'><em>ἐποίησε.</em></span> <span class='ocrx_word' id='word_1_282' title='bbox 1000 2523 1156 2582; x_wconf 74' lang='grc' dir='ltr'><em>ἡσθεὶς</em></span> <span class='ocrx_word' id='word_1_283' title='bbox 1177 2526 1222 2568; x_wconf 88' lang='lat'><em>55</em></span> <span class='ocrx_word' id='word_1_284' title='bbox 1235 2530 1296 2568; x_wconf 79' lang='grc' dir='ltr'><em>τιῦ</em></span> <span class='ocrx_word' id='word_1_285' title='bbox 1311 2525 1409 2568; x_wconf 86' lang='grc' dir='ltr'><em>ε’πεῑ</em></span> <span class='ocrx_word' id='word_1_286' title='bbox 1428 2524 1451 2568; x_wconf 89' lang='lat'><em>5</em></span> <span class='ocrx_word' id='word_1_287' title='bbox 1466 2532 1653 2582; x_wconf 88' lang='grc' dir='ltr'><em>Δαρεῖος</em></span> 
     </span>
     <span class='ocr_line' id='line_1_37' title="bbox 290 2591 1652 2650; baseline -0.002 -13"><span class='ocrx_word' id='word_1_288' title='bbox 290 2593 549 2648; x_wconf 88' lang='grc' dir='ltr'><em>ἀποπέιιπει</em></span> <span class='ocrx_word' id='word_1_289' title='bbox 573 2611 646 2648; x_wconf 90' lang='grc' dir='ltr'><em>μιν</em></span> <span class='ocrx_word' id='word_1_290' title='bbox 671 2591 792 2650; x_wconf 82' lang='grc' dir='ltr'><em>παρὰ</em></span> <span class='ocrx_word' id='word_1_291' title='bbox 816 2592 894 2645; x_wconf 83' lang='grc' dir='ltr'><em>τὰς</em></span> <span class='ocrx_word' id='word_1_292' title='bbox 925 2592 1087 2636; x_wconf 85' lang='grc' dir='ltr'><em>εωυτοῦ</em></span> <span class='ocrx_word' id='word_1_293' title='bbox 1118 2602 1332 2649; x_wconf 84' lang='grc' dir='ltr'><em>γυναῖκας.</em></span> <span class='ocrx_word' id='word_1_294' title='bbox 1381 2593 1652 2649; x_wconf 87' lang='grc' dir='ltr'><em>παράγοντες</em></span> 
     </span>
     <span class='ocr_line' id='line_1_38' title="bbox 290 2659 1652 2718; baseline -0.001 -14"><span class='ocrx_word' id='word_1_295' title='bbox 290 2663 336 2704; x_wconf 83' lang='grc' dir='ltr'><em>δὲ</em></span> <span class='ocrx_word' id='word_1_296' title='bbox 362 2661 404 2704; x_wconf 81' lang='grc' dir='ltr'><em>οἱ</em></span> <span class='ocrx_word' id='word_1_297' title='bbox 428 2659 622 2715; x_wconf 73' lang='grc' dir='ltr'><em>εὐνοῦχοι</em></span> <span class='ocrx_word' id='word_1_298' title='bbox 643 2661 786 2717; x_wconf 86' lang='grc' dir='ltr'><em>ε’λεγον</em></span> <span class='ocrx_word' id='word_1_299' title='bbox 806 2660 918 2718; x_wconf 84' lang='grc' dir='ltr'><em>πρὸς</em></span> <span class='ocrx_word' id='word_1_300' title='bbox 936 2678 1015 2711; x_wconf 91' lang='grc' dir='ltr'><em>τας</em></span> <span class='ocrx_word' id='word_1_301' title='bbox 1032 2670 1234 2717; x_wconf 75' lang='grc' dir='ltr'><em>γυιαῐκας</em></span> <span class='ocrx_word' id='word_1_302' title='bbox 1255 2659 1312 2712; x_wconf 77' lang='grc' dir='ltr'><em>ὦς</em></span> <span class='ocrx_word' id='word_1_303' title='bbox 1331 2662 1505 2716; x_wconf 80' lang='grc' dir='ltr'><em>βασιλέϊ</em></span> <span class='ocrx_word' id='word_1_304' title='bbox 1524 2661 1652 2710; x_wconf 79' lang='grc' dir='ltr'><em>οὗτος</em></span> 
     </span>
     <span class='ocr_line' id='line_1_39' title="bbox 290 2726 1649 2786; baseline -0.002 -14"><span class='ocrx_word' id='word_1_305' title='bbox 290 2730 352 2786; x_wconf 80' lang='grc' dir='ltr'><em>ε’ίη</em></span> <span class='ocrx_word' id='word_1_306' title='bbox 369 2729 417 2781; x_wconf 78' lang='grc' dir='ltr'><em>ὃς</em></span> <span class='ocrx_word' id='word_1_307' title='bbox 430 2729 503 2786; x_wconf 81' lang='grc' dir='ltr'><em>τὴν</em></span> <span class='ocrx_word' id='word_1_308' title='bbox 520 2728 658 2785; x_wconf 81' lang='grc' dir='ltr'><em>ψυχήν</em></span> <span class='ocrx_word' id='word_1_309' title='bbox 673 2726 885 2771; x_wconf 85' lang='grc' dir='ltr'><em>ἀπέδωκε.</em></span> <span class='ocrx_word' id='word_1_310' title='bbox 923 2727 1077 2772; x_wconf 80' lang='grc' dir='ltr'><em>ὑποτύ</em></span> <span class='ocrx_word' id='word_1_311' title='bbox 1072 2745 1240 2772; x_wconf 83' lang='grc' dir='ltr'><em>ττουσα</em></span> <span class='ocrx_word' id='word_1_312' title='bbox 1255 2729 1301 2771; x_wconf 88' lang='lat'><em>55</em></span> <span class='ocrx_word' id='word_1_313' title='bbox 1316 2727 1478 2772; x_wconf 80' lang='grc' dir='ltr'><em>αὗτέων</em></span> <span class='ocrx_word' id='word_1_314' title='bbox 1493 2726 1649 2783; x_wconf 77' lang='grc' dir='ltr'><em>ἑκάστη</em></span> 
     </span>
     <span class='ocr_line' id='line_1_40' title="bbox 289 2795 1635 2854; baseline -0.003 -14"><span class='ocrx_word' id='word_1_315' title='bbox 289 2797 423 2854; x_wconf 83' lang='grc' dir='ltr'><em>φιάλῃ</em></span> <span class='ocrx_word' id='word_1_316' title='bbox 451 2797 493 2848; x_wconf 81' lang='grc' dir='ltr'><em>ἐς</em></span> <span class='ocrx_word' id='word_1_317' title='bbox 517 2801 593 2841; x_wconf 87' lang='grc' dir='ltr'><em>τοῦ</em></span> <span class='ocrx_word' id='word_1_318' title='bbox 615 2800 781 2854; x_wconf 77' lang='grc' dir='ltr'><em>χρυσοῦ</em></span> <span class='ocrx_word' id='word_1_319' title='bbox 802 2795 875 2852; x_wconf 84' lang='grc' dir='ltr'><em>τὴν</em></span> <span class='ocrx_word' id='word_1_320' title='bbox 900 2796 1039 2852; x_wconf 71' lang='grc' dir='ltr'><em>θήκην</em></span> <span class='ocrx_word' id='word_1_321' title='bbox 1060 2795 1266 2853; x_wconf 78' lang='grc' dir='ltr'><em>ἐδωρέετο</em></span> <span class='ocrx_word' id='word_1_322' title='bbox 1287 2795 1360 2841; x_wconf 84' lang='grc' dir='ltr'><em>τὸν</em></span> <span class='ocrx_word' id='word_1_323' title='bbox 1380 2795 1635 2853; x_wconf 85' lang='grc' dir='ltr'><em>Δημοκήδεα</em></span> 
     </span>
    </p>
   </div>
  </div>
 </body>
</html>
