1794 3282
520 273 835 309 ΗΡΟΔΟΤΟΥ
865 273 906 307 Δ.
934 272 1079 307 Τι’-79.
1400 260 1483 303 273

114 342 487 396 Λακεδαιμονίων,
532 343 728 385 τούτοισι
766 342 812 385 δὲ
855 339 965 385 εἶναι
1000 340 1201 395 μούνοισι
1244 339 1484 397 σωφρόνως

117 411 268 453 δοῦναί
298 425 344 452 τε
376 411 448 452 καὶ
482 409 699 462 δέξασθαι
732 410 871 465 λόγον.
927 403 1162 459 ἆλλῖοιῖτος
1193 408 1270 463 μὲν
1303 406 1324 451 5
1357 407 1484 463 λόγος

117 475 258 528 ἄλλως
283 475 530 520 πέπαισται
562 475 632 519 ὑπ’
651 474 792 519 αύτιῦν
813 475 1031 532 Ἑλλήνων,
1067 474 1089 519 5
1118 475 1158 519 δ’
1177 470 1235 519 ὦν
1261 473 1365 533 ἀνὴρ
1399 472 1486 517 ὥσ-

116 561 200 601 περ
226 545 439 601 πρότερον
466 543 616 601 εἰρέθη
645 544 884 601 διεφθάρη.

206 613 339 662 Οὗτος
373 615 450 666 μέν
489 629 560 655 νυν
598 608 711 654 οὕτω
752 611 803 667 δή
845 629 888 654 τι
926 611 1083 667 ἔπρηξε
1128 610 1201 654 διὰ
1244 611 1405 664 ξεινικά
1440 625 1485 653 τε
1512 623 1524 647 ῑ

118 680 280 734 νόμαια
309 681 379 721 καὶ
400 677 641 735 Ἑλληνικὰς
673 676 864 733 ὁμιλίας·
904 680 1109 722 πολλοῖσι
1141 679 1187 721 δὲ
1212 679 1348 735 κάρτα
1375 677 1487 721 ἔτεσι

119 744 297 803 ἵστερον
311 747 474 803 Σκύλης
497 743 834 803 ὃΑριαπείθεος
853 746 999 789 ε’παθε
1020 746 1311 802 παραπλήσια
1330 746 1485 802 τούτω.

117 812 391 871 Αριαπείθεϊ
413 813 493 871 γὰρ
525 818 586 869 τῷ
612 812 818 857 Σκυθέων
847 815 1022 868 βασιλεῖ
1049 818 1211 869 γίιεται
1241 811 1330 868 μετ’
1348 811 1488 856 ἄλλων

121 882 293 925 παίδων
318 882 501 936 Σκύλης·
540 880 586 933 ἐξ
604 879 833 938 Ιστριηιῆς
865 882 911 924 δὲ
940 881 1139 961 γυναικὸς
1171 883 1296 932 οὗτος
1326 885 1488 936 >1351ch

120 951 192 992 καὶ
224 947 427 1002 οὐδαμῶς
459 948 683 1005 ἐγχωρίης·
720 948 795 992 τὸν
831 947 855 1004 ἡ
892 949 1031 1006 μήτηρ
1064 946 1168 1004 αύτη
1206 948 1406 1004 γλῶσσάν
1442 964 1488 990 τε

116 1014 300 1059 εΕλλάδα
324 1017 397 1058 καὶ
420 1016 655 1072 γράμματα
683 1015 865 1068 ἐδίδαξε.
925 1015 1036 1070 μετὰ
1068 1017 1114 1059 δὲ
1137 1016 1276 1072 χρόνῳ
1308 1012 1487 1072 ὕστερον

119 1082 403 1140 Αριαπείθης
435 1084 511 1136 μὲν
541 1084 720 1139 τελευτᾷ
747 1083 861 1125 δόλω
893 1081 982 1126 ὑπὸ
1008 1087 1380 1139 Σπαργαπείθεος
1410 1087 1488 1126 τοῦ

115 1149 394 1206 Αγαθύρσων
417 1148 639 1204 βασιλέος,
667 1151 832 1205 Σκύλης
859 1150 905 1192 δὲ
929 1150 1004 1207 τήν
1029 1167 1075 1194 τε
1090 1152 1328 1231 βασιληίην
1353 1154 1489 1206 παρέ-

119 1220 224 1272 λαβε
252 1233 325 1259 και
349 1215 423 1273 τὴν
447 1226 628 1272 γυναῖκα
652 1221 731 1260 τοῦ
756 1217 942 1275 πατρός,
976 1221 1028 1274 τῇ
1061 1215 1224 1272 ούνομα
1253 1236 1302 1274 ην
1323 1216 1488 1274 Ὀποίη·

118 1287 168 1342 ἠν
195 1285 241 1328 δὲ
267 1281 374 1340 αύτη
402 1302 426 1341 η
449 1283 594 1341 Ὀποίη
628 1283 754 1341 αστη,
795 1284 839 1328 ἐκ
865 1289 938 1342 τῆς
968 1287 1016 1340 ἠν
1033 1285 1194 1341 Ὄρικος
1214 1284 1490 1342 Αριαπείθεϊ

119 1361 240 1403 παῖς.
299 1352 540 1406 βασιλεύων
567 1353 614 1395 δὲ
638 1351 846 1396 Σκυθέων
872 1351 895 1396 5
921 1353 1086 1408 Σκύλ7ς
1113 1354 1256 1410 διαίτῃ
1284 1351 1487 1407 οὐδαμῶς

118 1419 319 1475 ἠρέσκετο
339 1424 546 1475 Σκυθικῇ,
576 1418 685 1462 ἀλλὰ
705 1419 869 1463 πολλὸν
889 1419 1002 1477 πρὸς
1019 1420 1074 1464 τὰ
1089 1418 1307 1476 Ἑλληνικὰ
1325 1423 1487 1475 μᾶλλον

117 1486 406 1542 τετραμμένος
432 1481 479 1543 ἦν
506 1485 595 1530 ἀπὸ
622 1487 881 1538 παιδεύσιος
905 1492 982 1544 τῆς
1007 1487 1312 1540 ἐπεπαίδευτο,
1341 1488 1487 1532 ἐποίεέ

118 1572 164 1598 τε
190 1559 384 1597 τοιοῦτο·
411 1548 506 1598 εὖτε
532 1552 689 1611 ἀγάγοι
714 1553 789 1611 τὴν
816 1554 1019 1613 στρατιὴν
1042 1555 1118 1613 τὴν
1136 1556 1344 1601 Σκυθέων
1370 1556 1412 1608 ἐς
1437 1556 1485 1599 τὸ

119 1621 498 1678 Βορυσθενεϊτέων
525 1619 634 1667 ἄστυ
662 1622 722 1678 (οἱ
741 1623 787 1667 δὲ
804 1628 1151 1681 Βορυσθενὲῖται
1172 1619 1295 1668 οὗτοι
1313 1623 1488 1680 λέγουσι

122 1694 260 1748 σφέας
293 1688 450 1742 αὐτοὺς
482 1689 592 1734 εἶναι
622 1693 899 1748 Μιλησίους),
934 1691 978 1743 ἒς
1006 1692 1189 1744 τούτους
1220 1689 1331 1744 ὅκως
1363 1693 1490 1736 ἔλθοι

122 1758 144 1803 5
176 1759 357 1815 Σκύλης,
396 1757 471 1814 τὴν
501 1760 577 1813 μὲν
610 1758 811 1815 στρατιὴν
843 1761 1153 1804 καταλείπεσκε
1184 1759 1226 1803 ἐν
1256 1764 1317 1816 τῷ
1347 1777 1490 1815 προα-

122 1831 270 1883 στείῳ,
306 1824 435 1876 αὖτὸς
462 1826 507 1868 δὲ
533 1823 643 1877 ὅκως
670 1826 798 1870 ἔλθοι
824 1826 867 1878 ἐς
890 1827 940 1870 τὸ
973 1836 1114 1881 τεῖχος
1143 1829 1215 1870 καὶ
1244 1827 1322 1878 τὰς
1347 1829 1488 1879 πύλας

122 1894 368 1950 ἐγκληίσειε,
397 1893 470 1950 την
496 1892 650 1950 στολὴν
676 1893 957 1948 ἀποθέμενος
975 1894 1049 1952 τὴν
1068 1894 1288 1952 Σκυθικὴν
1307 1896 1488 1950 λάβεσκε

123 1961 173 2004 ἂν
201 1960 421 2018 Ἑλληνίδα
454 1960 640 2018 ἐσθῆτα,
681 1962 787 2015 ἔχων
824 1960 864 2005 δ’
888 1961 939 2006 ἂν
974 1963 1133 2020 ταύτην
1170 1961 1352 2020 ἠγόραζε
1391 1960 1490 2006 οὔτε

124 2029 380 2086 δορυφόρων
406 2027 628 2082 ἑπομένων
655 2027 752 2072 οὔτε
777 2027 908 2073 ἄλλου
943 2028 1116 2082 οὐδενός
1147 2029 1242 2084 (τὰς
1273 2031 1319 2073 δὲ
1349 2030 1491 2081 πύλας

123 2095 380 2154 ἐφύλασσον,
414 2097 472 2152 μή
499 2102 564 2147 τίς
589 2114 661 2151 μιν
686 2097 895 2140 Σκυθέων
926 2098 1017 2141 ἴδοι
1048 2098 1198 2151 ἔχοντα
1227 2098 1386 2153 ταύτην
1416 2097 1490 2154 τὴν

125 2164 314 2220 στολήν),
354 2165 425 2206 καὶ
449 2157 586 2206 τᾶλλα
612 2164 764 2220 ἐχρᾶτο
799 2165 943 2222 διαίτῃ
965 2163 1199 2222 Ἑλληνικῇ,
1239 2167 1310 2208 καὶ
1341 2169 1492 2208 θεοῖσι

127 2231 198 2288 ἱρὰ
225 2231 370 2274 ἐποίεε
395 2231 504 2274 κατὰ
530 2232 689 2286 νόμους
708 2232 809 2283 τοὺς
823 2231 1041 2288 Ἑλλήνων.
1087 2230 1158 2276 ὅτε
1179 2233 1225 2276 δὲ
1245 2233 1491 2289 διατρίψειε

125 2304 237 2354 μῆνα
261 2296 287 2354 ἢ
313 2300 444 2341 πλέον
475 2299 648 2349 τούτου,
684 2298 991 2343 ἀπαλλάσσετο
1024 2299 1145 2350 ἐνδὺς
1174 2298 1249 2356 τὴν
1274 2298 1492 2354 Σκυθικὴν

128 2366 294 2422 στολήν.
344 2369 479 2407 ταῦτα
505 2369 705 2408 ποιέεσκε
730 2367 951 2418 πολλάκις,
979 2368 1050 2409 καὶ
1077 2366 1193 2409 οἰκία
1217 2382 1264 2409 τε
1290 2366 1490 2420 ἐδείματο

128 2433 170 2476 ἐν
206 2436 477 2488 Βορυσθένεϊ
510 2434 581 2474 καὶ
618 2442 796 2488 γυναῖκα
839 2433 966 2489 ἔγημε
1009 2433 1052 2484 ἐς
1089 2431 1200 2475 αὐτὰ
1244 2432 1491 2489 ἐπιχωρίην.

129 2501 272 2544 ἐπείτε
299 2500 345 2542 δὲ
375 2499 467 2542 ἔδεέ
498 2500 540 2542 οἱ
571 2504 710 2551 κακῶς
740 2504 965 2556 γενέσθαι,
1000 2500 1162 2556 ἐγένετο
1196 2497 1286 2543 ἀπὸ
1313 2501 1492 2557 προφά-

130 2584 224 2618 σιος
248 2567 437 2623 τοιῆσδε.
492 2566 747 2623 ἐπεθύμησε
772 2568 970 2623 Διονύσῳ
996 2571 1190 2623 Βακχείῳ
1216 2569 1489 2624 τελεσθῆναι,

129 2637 326 2690 μέλλοντι
364 2635 410 2677 δέ
447 2634 488 2676 οἱ
525 2633 567 2685 ἐς
599 2643 746 2691 χεῖρας
785 2632 975 2691 ἄγεσθαι
1010 2634 1084 2691 τὴν
1119 2634 1292 2690 τελετὴν
1329 2635 1491 2691 ἐγένετο

131 2704 288 2760 φάσμα
311 2705 526 2757 μέγιστον.
563 2696 612 2758 ἦν
638 2702 679 2745 οἱ
699 2701 741 2745 ἐν
761 2707 1136 2758 Βορυσθενεϊτέων
1161 2707 1212 2760 τῇ
1232 2703 1338 2746 πόλι
1358 2702 1493 2759 οἰκίης

130 2771 317 2826 μεγάλης
352 2771 424 2812 καὶ
465 2771 723 2821 πολυτελέος
765 2770 993 2826 περιβολή,
1038 2774 1112 2826 τῆς
1154 2772 1224 2813 καὶ
1268 2767 1411 2825 ὀλίγον
1452 2788 1495 2813 τι

200 2838 330 2864 Herodoti
347 2837 394 2864 vol.
411 2837 430 2864 Ι.
1200 2837 1243 2871 18

1516 2514 1549 2539 79
