1794 3282
236 2499 269 2522 42

283 260 367 301 260
692 262 1002 297 ΗΡΟΔΟΤΟΥ
1033 263 1074 296 Δ.
1099 263 1153 297 43.
1179 263 1233 297 44.

284 340 468 391 πρῶτον,
496 334 604 387 μετὰ
631 333 676 374 δὲ
700 331 989 387 Καρχηδόνιοί
1014 330 1099 372 εἶσι
1125 330 1167 373 οἱ
1192 330 1399 386 λέγοντες,
1435 332 1529 376 ἐπεὶ
1554 340 1640 376 Σα-

283 403 455 458 τάσπης
478 416 523 455 γε
550 397 571 442 ὃ
603 399 817 448 Τεάσπιος
843 396 945 454 ἀνὴρ
967 396 1256 454 ,Ἀχαιμενίδης
1287 397 1336 442 οὗ
1363 401 1639 455 περιέπλευσε

284 469 465 523 Λιβύην,
506 464 571 509 ἐπ’
594 464 697 508 αὐτὸ
734 470 862 508 τοῦτο
899 469 1141 521 πεμφθείς,
1182 463 1290 507 ἀλλὰ
1327 467 1474 517 δείσας
1508 468 1556 509 τό
1594 483 1640 509 τε

282 540 416 591 μῆκος
445 539 521 577 τοῦ
548 534 686 577 πλόου
718 535 787 575 καὶ
819 531 892 588 τὴν
923 532 1097 589 ἐρημίην
1133 530 1308 588 ἀπῆλθε
1339 531 1502 586 ὀπίσω,
1543 531 1636 576 οὐδ’

285 601 509 646 ἐπετέλεσε
533 600 606 644 τὸν
632 600 811 652 ἐπέταξέ
837 599 877 642 οἳ
902 598 925 656 ἡ
945 600 1082 657 μήτηρ
1104 596 1276 642 ἄεθλον.
1314 603 1534 655 θυγατέρα
1558 599 1639 657 γὰρ

284 669 498 726 Ζωπύρου
536 673 612 711 τοῦ
648 667 900 723 Μεγαβύζου
939 670 1159 724 παρθένον
1199 665 1424 723 ἐβιήσατο·
1475 667 1641 710 ἔπειτεν

284 738 512 790 μέλλοντος
539 733 669 778 αὐτοῦ
698 734 770 777 διὰ
789 735 945 790 ταύτην
965 733 1038 789 την
1060 733 1197 789 αἰτίην
1218 732 1643 777 ἂνασκολοπιέεσθαι

285 802 372 846 ὑπὸ
404 805 569 861 Ξέρξεω
606 803 826 857 βασιλέος,
866 799 890 856 ἡ
928 801 1065 857 μήτηρ
1102 805 1179 843 τοῦ
1216 803 1475 852 Σατάσπεος
1512 800 1643 845 ἐοῦσα

282 875 471 926 ’Δαρείου
495 868 681 927 ἀδελφεὴ
703 869 1018 925 παραιτήσατο,
1042 868 1163 924 φᾶσά
1179 868 1220 910 οἱ
1235 865 1340 924 αὕτη
1359 869 1472 922 μέζω
1495 869 1643 924 ζημίην

288 937 519 993 ἐπιθήσειν
544 936 654 993 ἤπερ
682 936 856 979 ἐκεῖνον·
883 936 1049 991 Λιβύην
1074 935 1153 991 γάρ
1184 935 1225 977 οἱ
1251 933 1432 991 ἀνάγκην
1459 934 1645 979 ἔσεσθαι

288 1005 571 1060 περιπλώειν,
607 1004 648 1055 ἐς
679 1004 701 1047 ὃ
736 1002 785 1045 ἂν
812 1001 1021 1058 ἀπίκηται
1047 1002 1311 1057 περιπλώων
1343 1000 1471 1058 αὐτὴν
1504 1001 1546 1053 ἐς
1570 1001 1644 1046 τὸν

285 1071 478 1127 Ἀράβιον
504 1072 678 1113 κόλπον.
718 1070 1070 1126 συγχωρήσαντος
1091 1069 1136 1111 δὲ
1156 1071 1320 1123 Ξέρξεω
1344 1069 1417 1112 ἐπὶ
1435 1070 1640 1121 τούτοισι,

290 1137 312 1181 ὃ
338 1139 574 1193 Σατάσπης
606 1136 868 1191 ἀπικόμενος
900 1136 942 1187 ἐς
969 1137 1188 1191 Αἴγυπτον
1220 1138 1290 1178 καὶ
1322 1136 1464 1190 λαβὼν
1494 1141 1568 1179 νέα
1597 1153 1644 1179 τε

289 1208 358 1248 καὶ
390 1205 548 1255 ναύτας
579 1203 700 1259 παρὰ
729 1205 892 1247 τούτων
925 1203 1064 1245 ἔπλωε
1103 1202 1176 1245 ἐπὶ
1203 1201 1428 1259 Ἡρακλέας
1465 1205 1642 1260 στήλας·

291 1273 561 1322 διεκπλώσας
587 1272 632 1313 δὲ
656 1273 727 1313 καὶ
752 1271 929 1326 κάμψας
954 1269 1001 1313 τὸ
1026 1268 1288 1326 ἀκρωτήριον
1308 1275 1382 1326 τῆς
1401 1271 1565 1327 Λιβύης
1583 1274 1645 1326 τῷ

291 1338 452 1393 οὕνομα
476 1339 655 1388 Σολόεις
681 1337 789 1389 ἐστί,
826 1338 966 1379 ἔπλωε
993 1336 1104 1393 πρὸς
1128 1341 1414 1392 μεσαλιιβρίην·
1453 1339 1645 1393 περήσας

291 1408 337 1449 δὲ
351 1408 580 1448 θάλασσαν
600 1404 761 1459 πολλὴν
783 1403 824 1446 ἐν
838 1406 1043 1446 πολλοῖσι
1061 1408 1178 1458 μησί,
1207 1403 1350 1445 ἐπείτε
1369 1408 1446 1446 τοῦ
1466 1406 1646 1454 πλεῦνος

291 1474 376 1515 αἰεὶ
403 1472 504 1522 ἔδεε,
533 1471 818 1528 ἀποστρέψας
844 1469 987 1513 ὀπίσω
1015 1468 1224 1513 ἆπέπλωε
1251 1470 1292 1521 ἐς
1317 1472 1551 1526 Αἴγυπτον.
1602 1470 1646 1513 ἐκ

291 1541 337 1581 δὲ
365 1540 520 1594 ταύτης
553 1537 815 1591 ἀπικόμενος
847 1537 967 1593 παρὰ
997 1536 1181 1592 βασιλέα
1212 1539 1369 1594 Ξέρξην
1407 1539 1521 1593 ἔλεγε
1557 1537 1645 1595 φὰς

289 1606 343 1648 τὰ
369 1606 639 1663 προσωτάτω
667 1604 935 1661 ἀνθρώπους
965 1603 1142 1661 μικροὺς
1173 1607 1458 1662 παραπλώειν
1491 1605 1648 1661 ἐσθῆτι

291 1677 507 1730 φοινικηίῃ
541 1673 884 1728 διαχρεομένους,
926 1675 968 1714 οἳ
1000 1669 1108 1722 ὅκως
1146 1681 1272 1728 σφεῖς
1307 1676 1565 1728 καταγοίατο
1596 1677 1648 1729 τῇ

289 1743 357 1796 νηὶ
382 1742 615 1798 φεύγεσκον
641 1739 751 1797 πρὸς
775 1739 829 1782 τὰ
857 1736 986 1794 οὔρεα
1011 1741 1232 1791 λείποντες
1250 1739 1328 1791 τὰς
1347 1740 1495 1791 πόλις·
1523 1738 1649 1783 αὐτοὶ

293 1809 339 1851 δὲ
364 1807 547 1851 ἀδικέειν
574 1805 694 1850 οὐδὲν
727 1807 931 1857 ἐσιόντες,
966 1808 1169 1861 πρόβατα
1200 1808 1246 1849 δὲ
1270 1812 1408 1861 μοῦνα
1440 1807 1486 1860 ἐξ
1509 1806 1648 1850 αὐτῶν

292 1876 538 1929 λαμβάνειν.
598 1879 674 1917 τοῦ
713 1875 758 1917 δὲ
793 1873 850 1929 μὴ
888 1876 1167 1928 περιπλῶσαι
1201 1875 1368 1931 Λιβύην
1404 1877 1648 1926 παντελέως

293 1943 431 1986 αἴτιον
455 1943 555 1985 τόδε
582 1942 706 1997 ἔλεγε,
734 1940 782 1983 τὸ
809 1943 963 1983 πλοῖον
987 1940 1036 1983 τὸ
1063 1941 1216 1997 πρόσω
1245 1941 1286 1983 οἱ
1312 1940 1359 1983 οὗ
1387 1941 1565 1985 δυνατὸν
1586 1942 1649 1985 ἔτι

293 2008 402 2052 εἶναι
427 2012 678 2065 προβαίνειν
705 2006 793 2049 ἀλλ’
812 2007 1075 2059 ἐνίσχεσθαι.
1136 2009 1294 2063 Ξέρξης
1327 2009 1372 2050 δὲ
1399 2006 1450 2050 οὔ
1481 2009 1523 2051 οἱ
1548 2026 1648 2064 συγ-

292 2076 509 2131 γινώσκων
536 2077 668 2129 λέγειν
694 2073 880 2129 ἀληθέα,
917 2073 991 2116 οὐκ
1022 2073 1327 2117 ἐπιτελέσαντά
1359 2091 1404 2118 τε
1434 2074 1508 2118 τὸν
1539 2093 1648 2130 προ-

293 2147 483 2197 κείμενον
509 2139 670 2183 ἄεθλον
697 2139 1026 2192 ἀνεσκολόπισε,
1059 2140 1134 2196 τὴν
1161 2139 1338 2197 ἀρχαίην
1366 2143 1482 2198 δίκην
1509 2142 1648 2186 ἐπιτι-

293 2214 420 2264 μέων.
485 2209 639 2252 τούτου
678 2209 723 2250 δὲ
758 2212 833 2250 τοῦ
870 2209 1128 2259 Σατάσπεος
1164 2206 1361 2261 εὐνοῦχος
1400 2208 1564 2266 ἀπέδρη
1606 2210 1648 2261 ἐς

294 2278 452 2332 Σάμον,
481 2275 623 2318 ἐπείτε
649 2274 841 2317 ἐπύθετο
867 2276 1049 2328 τάχιστα
1073 2274 1146 2318 τὸν
1167 2276 1381 2332 δεσπότην
1406 2279 1648 2333 τετελευτη-

292 2346 415 2395 κότα,
456 2343 560 2396 ἔχων
587 2342 785 2399 χρήματα
813 2344 995 2398 μεγάλα,
1034 2342 1090 2385 τὰ
1120 2344 1287 2397 Σάμιος
1324 2342 1428 2400 ἀνὴρ
1459 2344 1645 2398 κατέσχε,

293 2416 368 2455 τοῦ
395 2411 682 2464 ἐπιστάμενος
706 2408 755 2452 τὸ
782 2407 945 2464 οὕνομα
971 2409 1075 2452 ἑκὼν
1102 2409 1386 2466 ἐπιλήθομαι.

383 2482 463 2534 Τῆς
484 2479 530 2521 δὲ
546 2476 684 2533 Ἀσίης
702 2476 756 2520 τὰ
774 2476 917 2520 πολλὰ
935 2475 1023 2520 ὕπὸ
1039 2482 1223 2534 Δαρείου
1241 2477 1457 2536 ἐξευρέθη,
1481 2479 1528 2530 ὃς
1545 2484 1649 2534 βου-

294 2548 472 2601 λόμενος
491 2544 618 2588 Ἰνδὸν
644 2545 858 2599 ποταμόν,
893 2544 941 2595 ὃς
971 2546 1267 2600 κροκοδείλους
1300 2546 1494 2601 δεύτερος
1526 2542 1650 2599 οὗτος

296 2617 505 2667 ποταμῶν
531 2614 704 2656 πάντων
730 2616 975 2668 παρέχεται,
1002 2616 1156 2655 τοῦτον
1179 2612 1253 2656 τὸν
1272 2613 1471 2668 ποταμὸν
1491 2615 1650 2658 εἰδέναι

296 2686 346 2738 τῇ
373 2681 415 2732 ἐς
439 2682 670 2724 θάλασσαν
690 2680 862 2731 ἐκδιδοῖ,
890 2679 1057 2734 πέμπει
1076 2682 1273 2724 πλοίοισι
1294 2678 1449 2732 ἄλλους
1467 2699 1513 2725 τε
1533 2690 1651 2727 τοῖσι

297 2749 495 2792 ἐπίστευε
519 2749 592 2806 τὴν
619 2746 830 2803 ἀλήθειαν
855 2747 998 2803 ἐρέειν,
1026 2750 1097 2791 καὶ
1124 2747 1173 2804 δὴ
1199 2751 1270 2792 καὶ
1294 2750 1489 2792 Σκύλακα
1514 2747 1648 2803 ἄνδρα
