<?xml version="1.0" encoding="UTF-8"?>
<!DOCTYPE html PUBLIC "-//W3C//DTD XHTML 1.0 Transitional//EN"
    "http://www.w3.org/TR/xhtml1/DTD/xhtml1-transitional.dtd">
<html xmlns="http://www.w3.org/1999/xhtml" xml:lang="en" lang="en">
 <head>
  <title>
</title>
<meta http-equiv="Content-Type" content="text/html;charset=utf-8" />
  <meta name='ocr-system' content='tesseract 3.04.00' />
  <meta name='ocr-capabilities' content='ocr_page ocr_carea ocr_par ocr_line ocrx_word'/>
</head>
<body>
  <div class='ocr_page' id='page_1' title='image "./herodotihistori01herouoft_0033.png"; bbox 0 0 1794 3282; ppageno 0'>
   <div class='ocr_carea' id='block_1_1' title="bbox 162 223 1618 432">
    <p class='ocr_par' dir='ltr' id='par_1_1' title="bbox 162 223 1618 432">
     <span class='ocr_line' id='line_1_1' title="bbox 543 223 1617 250; baseline -0.001 0"><span class='ocrx_word' id='word_1_1' title='bbox 543 225 637 250; x_wconf 78' lang='lat' dir='ltr'>VITA</span> <span class='ocrx_word' id='word_1_2' title='bbox 661 225 711 250; x_wconf 84' lang='grc' dir='ltr'>ΕΤ</span> <span class='ocrx_word' id='word_1_3' title='bbox 737 223 910 250; x_wconf 80' lang='lat' dir='ltr'>SCRIPTIS</span> <span class='ocrx_word' id='word_1_4' title='bbox 937 224 1237 250; x_wconf 68' lang='lat' dir='ltr'>COMMENTA‘HO.</span> <span class='ocrx_word' id='word_1_5' title='bbox 1516 223 1617 250; x_wconf 79' lang='lat' dir='ltr'>xxv</span> 
     </span>
     <span class='ocr_line' id='line_1_2' title="bbox 162 297 1618 344; baseline -0.001 -12"><span class='ocrx_word' id='word_1_6' title='bbox 162 309 205 332; x_wconf 85' lang='lat' dir='ltr'>ac</span> <span class='ocrx_word' id='word_1_7' title='bbox 223 297 370 343; x_wconf 86' lang='lat' dir='ltr'>propria</span> <span class='ocrx_word' id='word_1_8' title='bbox 388 297 585 331; x_wconf 78' lang='lat' dir='ltr'>auctoritas</span> <span class='ocrx_word' id='word_1_9' title='bbox 596 325 604 341; x_wconf 96' lang='lat'>,</span> <span class='ocrx_word' id='word_1_10' title='bbox 630 298 698 332; x_wconf 90' lang='lat' dir='ltr'>etsi</span> <span class='ocrx_word' id='word_1_11' title='bbox 715 298 783 332; x_wconf 91' lang='lat' dir='ltr'>hoc</span> <span class='ocrx_word' id='word_1_12' title='bbox 801 297 879 341; x_wconf 90' lang='lat' dir='ltr'>qui·</span> <span class='ocrx_word' id='word_1_13' title='bbox 891 310 893 344; x_wconf 49' lang='lat' dir='ltr'>i</span> <span class='ocrx_word' id='word_1_14' title='bbox 905 297 1059 342; x_wconf 78' lang='lat' dir='ltr'>scripsit.</span> <span class='ocrx_word' id='word_1_15' title='bbox 1090 297 1248 332; x_wconf 79' lang='lat' dir='ltr'><strong>Uberius</strong></span> <span class='ocrx_word' id='word_1_16' title='bbox 1264 297 1360 331; x_wconf 88' lang='lat' dir='ltr'>hanc</span> <span class='ocrx_word' id='word_1_17' title='bbox 1376 307 1452 330; x_wconf 86' lang='lat' dir='ltr'>rem</span> <span class='ocrx_word' id='word_1_18' title='bbox 1469 298 1618 341; x_wconf 79' lang='lat' dir='ltr'>exposui</span> 
     </span>
     <span class='ocr_line' id='line_1_3' title="bbox 162 341 1618 388; baseline -0.001 -11"><span class='ocrx_word' id='word_1_19' title='bbox 162 344 244 377; x_wconf 88' lang='lat' dir='ltr'>dem</span> <span class='ocrx_word' id='word_1_20' title='bbox 258 343 404 376; x_wconf 91' lang='lat' dir='ltr'>minime</span> <span class='ocrx_word' id='word_1_21' title='bbox 420 342 588 377; x_wconf 89' lang='lat' dir='ltr'>dubitare</span> <span class='ocrx_word' id='word_1_22' title='bbox 602 343 700 387; x_wconf 87' lang='lat' dir='ltr'>licet,</span> <span class='ocrx_word' id='word_1_23' title='bbox 709 343 794 388; x_wconf 89' lang='lat' dir='ltr'>quin</span> <span class='ocrx_word' id='word_1_24' title='bbox 803 343 880 377; x_wconf 90' lang='lat' dir='ltr'>Me-</span> <span class='ocrx_word' id='word_1_25' title='bbox 902 343 940 376; x_wconf 89' lang='lat' dir='ltr'>in</span> <span class='ocrx_word' id='word_1_26' title='bbox 964 342 1216 376; x_wconf 78' lang='lat' dir='ltr'>dissertatione</span> <span class='ocrx_word' id='word_1_27' title='bbox 1245 343 1290 376; x_wconf 92' lang='lat' dir='ltr'>de</span> <span class='ocrx_word' id='word_1_28' title='bbox 1314 341 1480 376; x_wconf 90' lang='lat' dir='ltr'>codicum</span> <span class='ocrx_word' id='word_1_29' title='bbox 1501 342 1618 376; x_wconf 90' lang='lat' dir='ltr'>Hero-</span> 
     </span>
     <span class='ocr_line' id='line_1_4' title="bbox 163 386 1617 432; baseline -0.001 -10"><span class='ocrx_word' id='word_1_30' title='bbox 163 389 287 422; x_wconf 90' lang='lat' dir='ltr'>diceus</span> <span class='ocrx_word' id='word_1_31' title='bbox 316 388 414 432; x_wconf 90' lang='lat' dir='ltr'>ipse,</span> <span class='ocrx_word' id='word_1_32' title='bbox 446 391 487 421; x_wconf 90' lang='lat' dir='ltr'>ut</span> <span class='ocrx_word' id='word_1_33' title='bbox 511 388 671 423; x_wconf 83' lang='lat' dir='ltr'><strong>Urbinas</strong></span> <span class='ocrx_word' id='word_1_34' title='bbox 695 388 879 432; x_wconf 81' lang='lat' dir='ltr'>isocratis,</span> <span class='ocrx_word' id='word_1_35' title='bbox 905 387 981 422; x_wconf 90' lang='lat' dir='ltr'>doti</span> <span class='ocrx_word' id='word_1_36' title='bbox 1003 387 1075 421; x_wconf 89' lang='lat' dir='ltr'>fide</span> <span class='ocrx_word' id='word_1_37' title='bbox 1105 392 1214 432; x_wconf 84' lang='lat' dir='ltr'>atque</span> <span class='ocrx_word' id='word_1_38' title='bbox 1244 387 1475 431; x_wconf 88' lang='lat' dir='ltr'>auctoritate,</span> <span class='ocrx_word' id='word_1_39' title='bbox 1505 386 1617 421; x_wconf 86' lang='lat' dir='ltr'>Num-</span> 
     </span>
    </p>
   </div>
   <div class='ocr_carea' id='block_1_2' title="bbox 0 743 37 3282">
    <p class='ocr_par' dir='ltr' id='par_1_2' title="bbox 0 743 37 3282">
     <span class='ocr_line' id='line_1_5' title="bbox 0 743 37 3282; baseline 0 0"><span class='ocrx_word' id='word_1_40' title='bbox 0 743 37 3282; x_wconf 95' lang='lat' dir='ltr'> </span> 
     </span>
    </p>
   </div>
   <div class='ocr_carea' id='block_1_3' title="bbox 162 432 880 478">
    <p class='ocr_par' dir='ltr' id='par_1_3' title="bbox 162 432 880 478">
     <span class='ocr_line' id='line_1_6' title="bbox 162 432 880 478; baseline -0.001 -11"><span class='ocrx_word' id='word_1_41' title='bbox 162 433 430 467; x_wconf 80' lang='lat' dir='ltr'>Laurentianus</span> <span class='ocrx_word' id='word_1_42' title='bbox 443 433 620 478; x_wconf 81' lang='lat' dir='ltr'>Aeschyli</span> <span class='ocrx_word' id='word_1_43' title='bbox 634 437 669 468; x_wconf 90' lang='lat' dir='ltr'>et</span> <span class='ocrx_word' id='word_1_44' title='bbox 677 432 880 478; x_wconf 81' lang='lat' dir='ltr'>Sophoclis,</span> 
     </span>
    </p>
   </div>
   <div class='ocr_carea' id='block_1_4' title="bbox 163 469 893 523">
    <p class='ocr_par' dir='ltr' id='par_1_4' title="bbox 163 469 893 523">
     <span class='ocr_line' id='line_1_7' title="bbox 163 469 893 523; baseline -0.001 -10"><span class='ocrx_word' id='word_1_45' title='bbox 163 479 277 513; x_wconf 86' lang='lat' dir='ltr'>codex</span> <span class='ocrx_word' id='word_1_46' title='bbox 294 482 331 511; x_wconf 85' lang='grc' dir='ltr'><em>Σ</em></span> <span class='ocrx_word' id='word_1_47' title='bbox 344 477 615 521; x_wconf 73' lang='lat' dir='ltr'>Demosthenis,</span> <span class='ocrx_word' id='word_1_48' title='bbox 632 479 730 513; x_wconf 89' lang='lat' dir='ltr'>haud</span> <span class='ocrx_word' id='word_1_49' title='bbox 744 469 893 523; x_wconf 56' lang='lat' dir='ltr'>paucos&gt;</span> 
     </span>
    </p>
   </div>
   <div class='ocr_carea' id='block_1_5' title="bbox 160 523 881 1061">
    <p class='ocr_par' dir='ltr' id='par_1_5' title="bbox 160 523 881 658">
     <span class='ocr_line' id='line_1_8' title="bbox 160 523 880 568; baseline -0.001 -10"><span class='ocrx_word' id='word_1_50' title='bbox 160 524 259 558; x_wconf 89' lang='lat' dir='ltr'>locos</span> <span class='ocrx_word' id='word_1_51' title='bbox 298 527 485 568; x_wconf 86' lang='lat' dir='ltr'>corruptos</span> <span class='ocrx_word' id='word_1_52' title='bbox 524 524 709 567; x_wconf 82' lang='lat' dir='ltr'>exhibeat,</span> <span class='ocrx_word' id='word_1_53' title='bbox 749 523 880 568; x_wconf 88' lang='lat' dir='ltr'>quibus</span> 
     </span>
     <span class='ocr_line' id='line_1_9' title="bbox 162 568 881 614; baseline 0 -12"><span class='ocrx_word' id='word_1_54' title='bbox 162 568 382 613; x_wconf 84' lang='lat' dir='ltr'>reliquorum</span> <span class='ocrx_word' id='word_1_55' title='bbox 407 568 571 603; x_wconf 88' lang='lat' dir='ltr'>codicum</span> <span class='ocrx_word' id='word_1_56' title='bbox 599 579 668 614; x_wconf 89' lang='lat' dir='ltr'>ope</span> <span class='ocrx_word' id='word_1_57' title='bbox 698 568 881 603; x_wconf 89' lang='lat' dir='ltr'>medicina</span> 
     </span>
     <span class='ocr_line' id='line_1_10' title="bbox 163 614 458 658; baseline -0.003 -10"><span class='ocrx_word' id='word_1_58' title='bbox 163 614 375 658; x_wconf 86' lang='lat' dir='ltr'>quaerenda</span> <span class='ocrx_word' id='word_1_59' title='bbox 393 617 458 647; x_wconf 90' lang='lat' dir='ltr'>est.</span> 
     </span>
    </p>

    <p class='ocr_par' dir='ltr' id='par_1_6' title="bbox 161 658 880 1061">
     <span class='ocr_line' id='line_1_11' title="bbox 207 658 880 693; baseline -0.001 0"><span class='ocrx_word' id='word_1_60' title='bbox 207 659 361 693; x_wconf 81' lang='lat' dir='ltr'>Praeter</span> <span class='ocrx_word' id='word_1_61' title='bbox 378 658 585 693; x_wconf 90' lang='lat' dir='ltr'>Mediceum</span> <span class='ocrx_word' id='word_1_62' title='bbox 608 659 700 693; x_wconf 88' lang='lat' dir='ltr'>alter</span> <span class='ocrx_word' id='word_1_63' title='bbox 717 658 880 692; x_wconf 89' lang='lat' dir='ltr'>eiusdem</span> 
     </span>
     <span class='ocr_line' id='line_1_12' title="bbox 165 703 878 739; baseline -0.004 0"><span class='ocrx_word' id='word_1_64' title='bbox 165 704 323 739; x_wconf 87' lang='lat' dir='ltr'>melioris</span> <span class='ocrx_word' id='word_1_65' title='bbox 341 703 503 738; x_wconf 87' lang='lat' dir='ltr'>familiae</span> <span class='ocrx_word' id='word_1_66' title='bbox 522 705 633 739; x_wconf 83' lang='lat' dir='ltr'>codex</span> <span class='ocrx_word' id='word_1_67' title='bbox 652 703 878 737; x_wconf 85' lang='lat' dir='ltr'>membrana-</span> 
     </span>
     <span class='ocr_line' id='line_1_13' title="bbox 163 747 879 791; baseline -0.004 -8"><span class='ocrx_word' id='word_1_68' title='bbox 163 761 250 784; x_wconf 84' lang='lat' dir='ltr'>ceus</span> <span class='ocrx_word' id='word_1_69' title='bbox 278 749 627 783; x_wconf 88' lang='lat' dir='ltr'>Florentinus</span> <span class='ocrx_word' id='word_1_70' title='bbox 657 751 712 790; x_wconf 61' lang='grc' dir='ltr'>(Ξ</span> <span class='ocrx_word' id='word_1_71' title='bbox 730 748 775 791; x_wconf 87' lang='lat' dir='ltr'>F)</span> <span class='ocrx_word' id='word_1_72' title='bbox 805 747 879 781; x_wconf 89' lang='lat' dir='ltr'>sive</span> 
     </span>
     <span class='ocr_line' id='line_1_14' title="bbox 165 793 879 829; baseline -0.004 0"><span class='ocrx_word' id='word_1_73' title='bbox 165 794 576 829; x_wconf 69' lang='lat' dir='ltr'>Schelle-rshemianus²S</span> <span class='ocrx_word' id='word_1_74' title='bbox 605 793 746 827; x_wconf 89' lang='lat' dir='ltr'>decimo</span> <span class='ocrx_word' id='word_1_75' title='bbox 767 796 807 827; x_wconf 93' lang='lat' dir='ltr'>ut</span> <span class='ocrx_word' id='word_1_76' title='bbox 828 793 879 826; x_wconf 86' lang='lat' dir='ltr'>vi-</span> 
     </span>
     <span class='ocr_line' id='line_1_15' title="bbox 165 839 880 883; baseline -0.006 -9"><span class='ocrx_word' id='word_1_77' title='bbox 165 840 269 874; x_wconf 90' lang='lat' dir='ltr'>detur</span> <span class='ocrx_word' id='word_1_78' title='bbox 286 840 430 873; x_wconf 86' lang='lat' dir='ltr'>saeculo</span> <span class='ocrx_word' id='word_1_79' title='bbox 448 839 602 883; x_wconf 91' lang='lat' dir='ltr'>scriptus</span> <span class='ocrx_word' id='word_1_80' title='bbox 620 842 748 879; x_wconf 85' lang='lat' dir='ltr'>exstat,</span> <span class='ocrx_word' id='word_1_81' title='bbox 772 847 880 881; x_wconf 86' lang='lat' dir='ltr'>quem</span> 
     </span>
     <span class='ocr_line' id='line_1_16' title="bbox 164 882 879 929; baseline -0.004 -11"><span class='ocrx_word' id='word_1_82' title='bbox 164 884 531 929; x_wconf 83' lang='lat' dir='ltr'>Schweighaeuserus</span> <span class='ocrx_word' id='word_1_83' title='bbox 561 894 700 917; x_wconf 87' lang='lat' dir='ltr'>summa</span> <span class='ocrx_word' id='word_1_84' title='bbox 725 882 879 927; x_wconf 85' lang='lat' dir='ltr'>diligen-</span> 
     </span>
     <span class='ocr_line' id='line_1_17' title="bbox 161 927 878 970; baseline -0.006 -6"><span class='ocrx_word' id='word_1_85' title='bbox 161 930 214 964; x_wconf 86' lang='lat' dir='ltr'>tia</span> <span class='ocrx_word' id='word_1_86' title='bbox 228 929 393 964; x_wconf 84' lang='lat' dir='ltr'>excussit.</span> <span class='ocrx_word' id='word_1_87' title='bbox 424 929 481 962; x_wconf 90' lang='lat' dir='ltr'>Ac</span> <span class='ocrx_word' id='word_1_88' title='bbox 499 928 653 962; x_wconf 84' lang='lat' dir='ltr'>coniecit</span> <span class='ocrx_word' id='word_1_89' title='bbox 668 927 723 961; x_wconf 88' lang='lat' dir='ltr'>vir</span> <span class='ocrx_word' id='word_1_90' title='bbox 739 928 878 970; x_wconf 89' lang='lat' dir='ltr'>doctus,</span> 
     </span>
     <span class='ocr_line' id='line_1_18' title="bbox 164 972 879 1018; baseline -0.004 -9"><span class='ocrx_word' id='word_1_91' title='bbox 164 975 208 1009; x_wconf 91' lang='lat' dir='ltr'>de</span> <span class='ocrx_word' id='word_1_92' title='bbox 217 974 403 1009; x_wconf 85' lang='lat' dir='ltr'>Herodoto</span> <span class='ocrx_word' id='word_1_93' title='bbox 411 973 546 1018; x_wconf 87' lang='lat' dir='ltr'>optime</span> <span class='ocrx_word' id='word_1_94' title='bbox 555 973 715 1015; x_wconf 90' lang='lat' dir='ltr'>meritus,</span> <span class='ocrx_word' id='word_1_95' title='bbox 725 972 818 1007; x_wconf 88' lang='lat' dir='ltr'>eund</span> <span class='ocrx_word' id='word_1_96' title='bbox 824 983 879 1006; x_wconf 91' lang='lat' dir='ltr'>em</span> 
     </span>
     <span class='ocr_line' id='line_1_19' title="bbox 163 1017 880 1061; baseline -0.004 -7"><span class='ocrx_word' id='word_1_97' title='bbox 163 1031 242 1055; x_wconf 86' lang='lat' dir='ltr'>esse</span> <span class='ocrx_word' id='word_1_98' title='bbox 266 1019 446 1061; x_wconf 80' lang='lat' dir='ltr'>codicem,</span> <span class='ocrx_word' id='word_1_99' title='bbox 470 1018 572 1052; x_wconf 89' lang='lat' dir='ltr'>cuius</span> <span class='ocrx_word' id='word_1_100' title='bbox 589 1018 825 1052; x_wconf 85' lang='lat' dir='ltr'>Montfaucon</span> <span class='ocrx_word' id='word_1_101' title='bbox 841 1017 880 1051; x_wconf 88' lang='lat' dir='ltr'>in</span> 
     </span>
    </p>
   </div>
   <div class='ocr_carea' id='block_1_6' title="bbox 164 1056 891 1109">
    <p class='ocr_par' dir='ltr' id='par_1_7' title="bbox 164 1056 891 1109">
     <span class='ocr_line' id='line_1_20' title="bbox 164 1056 891 1109; baseline -0.004 -10"><span class='ocrx_word' id='word_1_102' title='bbox 164 1065 389 1100; x_wconf 85' lang='lat' dir='ltr'>bibliotheca</span> <span class='ocrx_word' id='word_1_103' title='bbox 403 1064 421 1097; x_wconf 93' lang='lat' dir='ltr'>I</span> <span class='ocrx_word' id='word_1_104' title='bbox 434 1063 587 1109; x_wconf 85' lang='lat' dir='ltr'>p.414D</span> <span class='ocrx_word' id='word_1_105' title='bbox 603 1063 658 1097; x_wconf 93' lang='lat' dir='ltr'>his</span> <span class='ocrx_word' id='word_1_106' title='bbox 671 1063 792 1097; x_wconf 88' lang='lat' dir='ltr'>verbis</span> <span class='ocrx_word' id='word_1_107' title='bbox 805 1056 891 1097; x_wconf 44' lang='lat' dir='ltr'>mel</span> 
     </span>
    </p>
   </div>
   <div class='ocr_carea' id='block_1_7' title="bbox 162 1110 882 2513">
    <p class='ocr_par' dir='ltr' id='par_1_8' title="bbox 162 1110 882 2513">
     <span class='ocr_line' id='line_1_21' title="bbox 162 1110 878 1153; baseline -0.004 -9"><span class='ocrx_word' id='word_1_108' title='bbox 162 1110 284 1144; x_wconf 81' lang='lat' dir='ltr'>minit:</span> <span class='ocrx_word' id='word_1_109' title='bbox 308 1111 412 1143; x_wconf 76' lang='lat' dir='ltr'>codex</span> <span class='ocrx_word' id='word_1_110' title='bbox 429 1111 566 1153; x_wconf 70' lang='lat' dir='ltr'>eleyans</span> <span class='ocrx_word' id='word_1_111' title='bbox 583 1110 621 1142; x_wconf 84' lang='lat' dir='ltr'><em>X</em></span> <span class='ocrx_word' id='word_1_112' title='bbox 631 1110 763 1142; x_wconf 85' lang='lat' dir='ltr'>saeculi</span> <span class='ocrx_word' id='word_1_113' title='bbox 777 1120 878 1141; x_wconf 85' lang='lat' dir='ltr'>mem-</span> 
     </span>
     <span class='ocr_line' id='line_1_22' title="bbox 165 1153 877 1189; baseline -0.004 0"><span class='ocrx_word' id='word_1_114' title='bbox 165 1157 354 1189; x_wconf 83' lang='lat' dir='ltr'>branaceus</span> <span class='ocrx_word' id='word_1_115' title='bbox 370 1168 380 1188; x_wconf 77' lang='lat' dir='ltr'>t</span> <span class='ocrx_word' id='word_1_116' title='bbox 400 1155 571 1188; x_wconf 75' lang='lat' dir='ltr'>Herodoti</span> <span class='ocrx_word' id='word_1_117' title='bbox 584 1155 754 1187; x_wconf 75' lang='lat' dir='ltr'>historiae.</span> <span class='ocrx_word' id='word_1_118' title='bbox 804 1153 877 1186; x_wconf 90' lang='lat' dir='ltr'>De-</span> 
     </span>
     <span class='ocr_line' id='line_1_23' title="bbox 163 1199 879 1235; baseline -0.006 0"><span class='ocrx_word' id='word_1_119' title='bbox 163 1201 248 1235; x_wconf 87' lang='lat' dir='ltr'>inde</span> <span class='ocrx_word' id='word_1_120' title='bbox 266 1201 311 1235; x_wconf 91' lang='lat' dir='ltr'>de</span> <span class='ocrx_word' id='word_1_121' title='bbox 329 1201 398 1234; x_wconf 91' lang='lat' dir='ltr'>hoc</span> <span class='ocrx_word' id='word_1_122' title='bbox 415 1199 539 1234; x_wconf 86' lang='lat' dir='ltr'>codice</span> <span class='ocrx_word' id='word_1_123' title='bbox 557 1199 610 1233; x_wconf 88' lang='lat' dir='ltr'>ita</span> <span class='ocrx_word' id='word_1_124' title='bbox 627 1199 770 1233; x_wconf 83' lang='lat' dir='ltr'>scribit:</span> <span class='ocrx_word' id='word_1_125' title='bbox 793 1199 879 1232; x_wconf 83' lang='lat' dir='ltr'>Esse</span> 
     </span>
     <span class='ocr_line' id='line_1_24' title="bbox 163 1245 877 1280; baseline -0.004 0"><span class='ocrx_word' id='word_1_126' title='bbox 163 1248 250 1280; x_wconf 85' lang='lat' dir='ltr'>hunc</span> <span class='ocrx_word' id='word_1_127' title='bbox 285 1247 433 1279; x_wconf 76' lang='lat' dir='ltr'>codicem</span> <span class='ocrx_word' id='word_1_128' title='bbox 465 1257 505 1278; x_wconf 70' lang='lat' dir='ltr'>ex</span> <span class='ocrx_word' id='word_1_129' title='bbox 534 1246 649 1278; x_wconf 77' lang='lat' dir='ltr'>eadem</span> <span class='ocrx_word' id='word_1_130' title='bbox 679 1256 754 1278; x_wconf 83' lang='lat' dir='ltr'>cum</span> <span class='ocrx_word' id='word_1_131' title='bbox 776 1245 877 1278; x_wconf 75' lang='lat' dir='ltr'>Pass.</span> 
     </span>
     <span class='ocr_line' id='line_1_25' title="bbox 163 1290 877 1333; baseline -0.006 -8"><span class='ocrx_word' id='word_1_132' title='bbox 163 1294 242 1326; x_wconf 83' lang='lat' dir='ltr'>Asc.</span> <span class='ocrx_word' id='word_1_133' title='bbox 266 1298 296 1325; x_wconf 84' lang='lat' dir='ltr'>et</span> <span class='ocrx_word' id='word_1_134' title='bbox 320 1292 443 1325; x_wconf 68' lang='lat' dir='ltr'>,Media</span> <span class='ocrx_word' id='word_1_135' title='bbox 469 1290 605 1333; x_wconf 83' lang='lat' dir='ltr'>familia</span> <span class='ocrx_word' id='word_1_136' title='bbox 629 1301 646 1323; x_wconf 90' lang='lat' dir='ltr'>e</span> <span class='ocrx_word' id='word_1_137' title='bbox 669 1290 877 1331; x_wconf 81' lang='lat' dir='ltr'>lectionibus,</span> 
     </span>
     <span class='ocr_line' id='line_1_26' title="bbox 163 1334 877 1382; baseline -0.004 -11"><span class='ocrx_word' id='word_1_138' title='bbox 163 1349 248 1382; x_wconf 82' lang='lat' dir='ltr'>quas</span> <span class='ocrx_word' id='word_1_139' title='bbox 266 1338 342 1370; x_wconf 76' lang='lat' dir='ltr'>inde</span> <span class='ocrx_word' id='word_1_140' title='bbox 354 1337 576 1381; x_wconf 78' lang='lat' dir='ltr'>protulimus,</span> <span class='ocrx_word' id='word_1_141' title='bbox 600 1334 705 1378; x_wconf 85' lang='lat' dir='ltr'>facile</span> <span class='ocrx_word' id='word_1_142' title='bbox 721 1341 877 1379; x_wconf 75' lang='lat' dir='ltr'>apparet.</span> 
     </span>
     <span class='ocr_line' id='line_1_27' title="bbox 163 1381 876 1424; baseline -0.006 -8"><span class='ocrx_word' id='word_1_143' title='bbox 163 1394 223 1416; x_wconf 89' lang='lat' dir='ltr'>nec</span> <span class='ocrx_word' id='word_1_144' title='bbox 236 1395 314 1415; x_wconf 70' lang='lat' dir='ltr'>vero</span> <span class='ocrx_word' id='word_1_145' title='bbox 328 1394 344 1415; x_wconf 93' lang='lat' dir='ltr'>e</span> <span class='ocrx_word' id='word_1_146' title='bbox 358 1382 510 1415; x_wconf 71' lang='lat' dir='ltr'>Mediceo</span> <span class='ocrx_word' id='word_1_147' title='bbox 524 1381 712 1424; x_wconf 76' lang='lat' dir='ltr'>descriptus</span> <span class='ocrx_word' id='word_1_148' title='bbox 729 1386 787 1422; x_wconf 85' lang='lat' dir='ltr'>est,</span> <span class='ocrx_word' id='word_1_149' title='bbox 804 1391 876 1413; x_wconf 84' lang='lat' dir='ltr'>cum</span> 
     </span>
     <span class='ocr_line' id='line_1_28' title="bbox 164 1427 877 1473; baseline -0.006 -12"><span class='ocrx_word' id='word_1_150' title='bbox 164 1440 228 1473; x_wconf 80' lang='lat' dir='ltr'>quo</span> <span class='ocrx_word' id='word_1_151' title='bbox 245 1429 285 1461; x_wconf 80' lang='lat' dir='ltr'>de</span> <span class='ocrx_word' id='word_1_152' title='bbox 302 1428 502 1472; x_wconf 78' lang='lat' dir='ltr'>principatu</span> <span class='ocrx_word' id='word_1_153' title='bbox 528 1427 628 1460; x_wconf 87' lang='lat' dir='ltr'>etiam</span> <span class='ocrx_word' id='word_1_154' title='bbox 651 1427 780 1459; x_wconf 80' lang='lat' dir='ltr'>videtur</span> <span class='ocrx_word' id='word_1_155' title='bbox 798 1437 877 1458; x_wconf 85' lang='lat' dir='ltr'>con-</span> 
     </span>
     <span class='ocr_line' id='line_1_29' title="bbox 163 1472 877 1516; baseline -0.004 -10"><span class='ocrx_word' id='word_1_156' title='bbox 163 1474 297 1507; x_wconf 76' lang='lat' dir='ltr'>tendere</span> <span class='ocrx_word' id='word_1_157' title='bbox 323 1483 422 1516; x_wconf 85' lang='lat' dir='ltr'>posse</span> <span class='ocrx_word' id='word_1_158' title='bbox 429 1485 442 1514; x_wconf 89' lang='lat'><em>;</em></span> <span class='ocrx_word' id='word_1_159' title='bbox 475 1472 534 1505; x_wconf 80' lang='lat' dir='ltr'>sed</span> <span class='ocrx_word' id='word_1_160' title='bbox 561 1484 578 1505; x_wconf 93' lang='lat' dir='ltr'>e</span> <span class='ocrx_word' id='word_1_161' title='bbox 605 1472 782 1505; x_wconf 77' lang='lat' dir='ltr'>vetustiore</span> <span class='ocrx_word' id='word_1_162' title='bbox 811 1474 877 1512; x_wconf 81' lang='lat' dir='ltr'>(re-</span> 
     </span>
     <span class='ocr_line' id='line_1_30' title="bbox 163 1517 877 1560; baseline -0.007 -7"><span class='ocrx_word' id='word_1_163' title='bbox 163 1518 274 1552; x_wconf 81' lang='lat' dir='ltr'>etius:</span> <span class='ocrx_word' id='word_1_164' title='bbox 298 1530 338 1552; x_wconf 75' lang='lat' dir='ltr'>ex</span> <span class='ocrx_word' id='word_1_165' title='bbox 355 1519 481 1559; x_wconf 75' lang='lat' dir='ltr'>eodem)</span> <span class='ocrx_word' id='word_1_166' title='bbox 499 1517 593 1559; x_wconf 68' lang='lat' dir='ltr'>sonte</span> <span class='ocrx_word' id='word_1_167' title='bbox 610 1517 782 1550; x_wconf 72' lang='lat' dir='ltr'>clericatus</span> <span class='ocrx_word' id='word_1_168' title='bbox 794 1527 877 1560; x_wconf 72' lang='lat' dir='ltr'>pro-</span> 
     </span>
     <span class='ocr_line' id='line_1_31' title="bbox 164 1562 877 1605; baseline -0.006 -7"><span class='ocrx_word' id='word_1_169' title='bbox 164 1566 224 1598; x_wconf 82' lang='lat' dir='ltr'>bas</span> <span class='ocrx_word' id='word_1_170' title='bbox 241 1565 366 1597; x_wconf 82' lang='lat' dir='ltr'>multas</span> <span class='ocrx_word' id='word_1_171' title='bbox 383 1562 487 1605; x_wconf 79' lang='lat' dir='ltr'>affert</span> <span class='ocrx_word' id='word_1_172' title='bbox 505 1563 674 1602; x_wconf 84' lang='lat' dir='ltr'>lectiones,</span> <span class='ocrx_word' id='word_1_173' title='bbox 694 1562 753 1594; x_wconf 79' lang='lat' dir='ltr'>ubi</span> <span class='ocrx_word' id='word_1_174' title='bbox 767 1567 826 1594; x_wconf 87' lang='lat' dir='ltr'>aut</span> <span class='ocrx_word' id='word_1_175' title='bbox 843 1562 877 1594; x_wconf 85' lang='lat' dir='ltr'>in</span> 
     </span>
     <span class='ocr_line' id='line_1_32' title="bbox 163 1606 881 1648; baseline -0.004 -6"><span class='ocrx_word' id='word_1_176' title='bbox 163 1610 244 1642; x_wconf 80' lang='lat' dir='ltr'>vitio</span> <span class='ocrx_word' id='word_1_177' title='bbox 254 1610 367 1642; x_wconf 80' lang='lat' dir='ltr'>haeret</span> <span class='ocrx_word' id='word_1_178' title='bbox 376 1608 560 1648; x_wconf 75' lang='lat' dir='ltr'>Medteeus,</span> <span class='ocrx_word' id='word_1_179' title='bbox 571 1614 628 1640; x_wconf 84' lang='lat' dir='ltr'>aut</span> <span class='ocrx_word' id='word_1_180' title='bbox 642 1607 700 1640; x_wconf 73' lang='lat' dir='ltr'>ubi</span> <span class='ocrx_word' id='word_1_181' title='bbox 704 1607 788 1640; x_wconf 83' lang='lat' dir='ltr'>nihil</span> <span class='ocrx_word' id='word_1_182' title='bbox 796 1606 881 1640; x_wconf 85' lang='lat' dir='ltr'>certi</span> 
     </span>
     <span class='ocr_line' id='line_1_33' title="bbox 165 1653 876 1696; baseline -0.006 -8"><span class='ocrx_word' id='word_1_183' title='bbox 165 1667 186 1688; x_wconf 90' lang='grc' dir='ltr'><em>α</em></span> <span class='ocrx_word' id='word_1_184' title='bbox 211 1655 386 1689; x_wconf 58' lang='lat' dir='ltr'>Gronov-io</span> <span class='ocrx_word' id='word_1_185' title='bbox 411 1665 427 1686; x_wconf 90' lang='lat' dir='ltr'>e</span> <span class='ocrx_word' id='word_1_186' title='bbox 445 1653 596 1686; x_wconf 58' lang='lat' dir='ltr'>BIecliceo</span> <span class='ocrx_word' id='word_1_187' title='bbox 617 1653 795 1696; x_wconf 75' lang='lat' dir='ltr'>prolatum</span> <span class='ocrx_word' id='word_1_188' title='bbox 819 1657 876 1693; x_wconf 86' lang='lat' dir='ltr'>est,</span> 
     </span>
     <span class='ocr_line' id='line_1_34' title="bbox 163 1698 879 1745; baseline -0.004 -13"><span class='ocrx_word' id='word_1_189' title='bbox 163 1700 254 1745; x_wconf 80' lang='lat' dir='ltr'>quod</span> <span class='ocrx_word' id='word_1_190' title='bbox 276 1710 298 1732; x_wconf 91' lang='lat' dir='ltr'>a</span> <span class='ocrx_word' id='word_1_191' title='bbox 320 1700 430 1732; x_wconf 80' lang='lat' dir='ltr'>minus</span> <span class='ocrx_word' id='word_1_192' title='bbox 444 1698 559 1742; x_wconf 77' lang='lat' dir='ltr'>proba</span> <span class='ocrx_word' id='word_1_193' title='bbox 576 1698 766 1741; x_wconf 79' lang='lat' dir='ltr'>scriptura,</span> <span class='ocrx_word' id='word_1_194' title='bbox 791 1708 879 1741; x_wconf 81' lang='lat' dir='ltr'>quae</span> 
     </span>
     <span class='ocr_line' id='line_1_35' title="bbox 164 1742 879 1787; baseline -0.003 -10"><span class='ocrx_word' id='word_1_195' title='bbox 164 1746 244 1779; x_wconf 80' lang='lat' dir='ltr'>olim</span> <span class='ocrx_word' id='word_1_196' title='bbox 261 1746 400 1787; x_wconf 70' lang='lat' dir='ltr'>vulqata</span> <span class='ocrx_word' id='word_1_197' title='bbox 417 1750 501 1785; x_wconf 79' lang='lat' dir='ltr'>erat,</span> <span class='ocrx_word' id='word_1_198' title='bbox 522 1744 680 1776; x_wconf 78' lang='lat' dir='ltr'>discedat.</span> <span class='ocrx_word' id='word_1_199' title='bbox 726 1742 879 1775; x_wconf 86' lang='lat' dir='ltr'>Librum</span> 
     </span>
     <span class='ocr_line' id='line_1_36' title="bbox 164 1786 877 1823; baseline -0.004 0"><span class='ocrx_word' id='word_1_200' title='bbox 164 1793 343 1823; x_wconf 86' lang='lat' dir='ltr'>vetustum</span> <span class='ocrx_word' id='word_1_201' title='bbox 359 1799 436 1822; x_wconf 89' lang='lat' dir='ltr'>esse</span> <span class='ocrx_word' id='word_1_202' title='bbox 451 1799 493 1821; x_wconf 84' lang='lat' dir='ltr'>ex</span> <span class='ocrx_word' id='word_1_203' title='bbox 508 1788 693 1821; x_wconf 86' lang='lat' dir='ltr'>literarum</span> <span class='ocrx_word' id='word_1_204' title='bbox 703 1787 813 1821; x_wconf 90' lang='lat' dir='ltr'>ductu</span> <span class='ocrx_word' id='word_1_205' title='bbox 825 1786 877 1820; x_wconf 89' lang='lat' dir='ltr'>fa-</span> 
     </span>
     <span class='ocr_line' id='line_1_37' title="bbox 165 1832 879 1878; baseline -0.006 -10"><span class='ocrx_word' id='word_1_206' title='bbox 165 1835 232 1869; x_wconf 90' lang='lat' dir='ltr'>cile</span> <span class='ocrx_word' id='word_1_207' title='bbox 245 1834 451 1878; x_wconf 82' lang='lat' dir='ltr'>intellegas,</span> <span class='ocrx_word' id='word_1_208' title='bbox 461 1844 504 1866; x_wconf 91' lang='lat' dir='ltr'>ac</span> <span class='ocrx_word' id='word_1_209' title='bbox 517 1843 580 1866; x_wconf 92' lang='lat' dir='ltr'>suo</span> <span class='ocrx_word' id='word_1_210' title='bbox 594 1832 671 1866; x_wconf 83' lang='lat' dir='ltr'>iure</span> <span class='ocrx_word' id='word_1_211' title='bbox 685 1832 879 1866; x_wconf 87' lang='lat' dir='ltr'>contendet</span> 
     </span>
     <span class='ocr_line' id='line_1_38' title="bbox 165 1877 878 1923; baseline -0.007 -9"><span class='ocrx_word' id='word_1_212' title='bbox 165 1885 274 1923; x_wconf 88' lang='lat' dir='ltr'>atque</span> <span class='ocrx_word' id='word_1_213' title='bbox 293 1878 436 1913; x_wconf 88' lang='lat' dir='ltr'>evincet</span> <span class='ocrx_word' id='word_1_214' title='bbox 452 1877 604 1921; x_wconf 87' lang='lat' dir='ltr'>aliquis,</span> <span class='ocrx_word' id='word_1_215' title='bbox 628 1877 878 1911; x_wconf 86' lang='lat' dir='ltr'>Florentinum</span> 
     </span>
     <span class='ocr_line' id='line_1_39' title="bbox 164 1922 878 1968; baseline -0.007 -8"><span class='ocrx_word' id='word_1_216' title='bbox 164 1925 305 1960; x_wconf 82' lang='lat' dir='ltr'>etiamsi</span> <span class='ocrx_word' id='word_1_217' title='bbox 333 1923 498 1968; x_wconf 86' lang='lat' dir='ltr'>plurimis</span> <span class='ocrx_word' id='word_1_218' title='bbox 526 1923 614 1957; x_wconf 91' lang='lat' dir='ltr'>locis</span> <span class='ocrx_word' id='word_1_219' title='bbox 638 1922 804 1956; x_wconf 88' lang='lat' dir='ltr'>Mediceo</span> <span class='ocrx_word' id='word_1_220' title='bbox 834 1922 878 1955; x_wconf 90' lang='lat' dir='ltr'>sit</span> 
     </span>
     <span class='ocr_line' id='line_1_40' title="bbox 163 1967 879 2016; baseline -0.007 -11"><span class='ocrx_word' id='word_1_221' title='bbox 163 1969 454 2016; x_wconf 86' lang='lat' dir='ltr'>posthabendus,</span> <span class='ocrx_word' id='word_1_222' title='bbox 478 1968 558 2002; x_wconf 88' lang='lat' dir='ltr'>aliis</span> <span class='ocrx_word' id='word_1_223' title='bbox 574 1971 697 2001; x_wconf 89' lang='lat' dir='ltr'>tamen</span> <span class='ocrx_word' id='word_1_224' title='bbox 721 1971 783 2001; x_wconf 92' lang='lat' dir='ltr'>aut</span> <span class='ocrx_word' id='word_1_225' title='bbox 799 1967 879 2012; x_wconf 86' lang='lat' dir='ltr'>pari</span> 
     </span>
     <span class='ocr_line' id='line_1_41' title="bbox 163 2013 878 2057; baseline -0.006 -7"><span class='ocrx_word' id='word_1_226' title='bbox 163 2020 227 2051; x_wconf 82' lang='lat' dir='ltr'>aut</span> <span class='ocrx_word' id='word_1_227' title='bbox 242 2015 378 2049; x_wconf 87' lang='lat' dir='ltr'>maiore</span> <span class='ocrx_word' id='word_1_228' title='bbox 395 2014 467 2048; x_wconf 90' lang='lat' dir='ltr'>fide</span> <span class='ocrx_word' id='word_1_229' title='bbox 484 2018 644 2048; x_wconf 87' lang='lat' dir='ltr'>veterem</span> <span class='ocrx_word' id='word_1_230' title='bbox 661 2013 878 2057; x_wconf 84' lang='lat' dir='ltr'>scripturam</span> 
     </span>
     <span class='ocr_line' id='line_1_42' title="bbox 163 2058 876 2096; baseline -0.007 0"><span class='ocrx_word' id='word_1_231' title='bbox 163 2071 337 2096; x_wconf 87' lang='lat' dir='ltr'>servasse.</span> <span class='ocrx_word' id='word_1_232' title='bbox 386 2059 468 2093; x_wconf 87' lang='lat' dir='ltr'>Hoc</span> <span class='ocrx_word' id='word_1_233' title='bbox 491 2062 612 2093; x_wconf 88' lang='lat' dir='ltr'>autem</span> <span class='ocrx_word' id='word_1_234' title='bbox 637 2058 802 2093; x_wconf 87' lang='lat' dir='ltr'>omnibus</span> <span class='ocrx_word' id='word_1_235' title='bbox 824 2058 876 2091; x_wconf 87' lang='lat' dir='ltr'>vi-</span> 
     </span>
     <span class='ocr_line' id='line_1_43' title="bbox 162 2104 878 2149; baseline -0.007 -8"><span class='ocrx_word' id='word_1_236' title='bbox 162 2107 263 2141; x_wconf 86' lang='lat' dir='ltr'>ribus</span> <span class='ocrx_word' id='word_1_237' title='bbox 282 2109 406 2140; x_wconf 86' lang='lat' dir='ltr'>contra</span> <span class='ocrx_word' id='word_1_238' title='bbox 424 2104 811 2149; x_wconf 67' lang='lat' dir='ltr'>Schweighaeuser-um</span> <span class='ocrx_word' id='word_1_239' title='bbox 827 2106 878 2137; x_wconf 90' lang='lat' dir='ltr'>te—</span> 
     </span>
     <span class='ocr_line' id='line_1_44' title="bbox 163 2150 878 2194; baseline -0.007 -7"><span class='ocrx_word' id='word_1_240' title='bbox 163 2152 322 2187; x_wconf 90' lang='lat' dir='ltr'>nendum</span> <span class='ocrx_word' id='word_1_241' title='bbox 346 2154 417 2194; x_wconf 87' lang='lat' dir='ltr'>est,</span> <span class='ocrx_word' id='word_1_242' title='bbox 447 2150 609 2184; x_wconf 87' lang='lat' dir='ltr'>codicem</span> <span class='ocrx_word' id='word_1_243' title='bbox 632 2161 704 2183; x_wconf 89' lang='lat' dir='ltr'>non</span> <span class='ocrx_word' id='word_1_244' title='bbox 732 2160 751 2183; x_wconf 89' lang='lat' dir='ltr'>e</span> <span class='ocrx_word' id='word_1_245' title='bbox 779 2152 878 2182; x_wconf 89' lang='lat' dir='ltr'>vetu-</span> 
     </span>
     <span class='ocr_line' id='line_1_45' title="bbox 164 2194 879 2238; baseline -0.007 -6"><span class='ocrx_word' id='word_1_246' title='bbox 164 2198 272 2232; x_wconf 86' lang='lat' dir='ltr'>stiore</span> <span class='ocrx_word' id='word_1_247' title='bbox 290 2196 355 2231; x_wconf 91' lang='lat' dir='ltr'>sed</span> <span class='ocrx_word' id='word_1_248' title='bbox 373 2207 415 2229; x_wconf 90' lang='lat' dir='ltr'>ex</span> <span class='ocrx_word' id='word_1_249' title='bbox 433 2195 560 2230; x_wconf 89' lang='lat' dir='ltr'>eodem</span> <span class='ocrx_word' id='word_1_250' title='bbox 584 2205 655 2238; x_wconf 89' lang='lat' dir='ltr'>quo</span> <span class='ocrx_word' id='word_1_251' title='bbox 673 2194 879 2228; x_wconf 87' lang='lat' dir='ltr'>Mediceum</span> 
     </span>
     <span class='ocr_line' id='line_1_46' title="bbox 164 2240 879 2283; baseline -0.007 -6"><span class='ocrx_word' id='word_1_252' title='bbox 164 2243 263 2277; x_wconf 87' lang='lat' dir='ltr'>fonte</span> <span class='ocrx_word' id='word_1_253' title='bbox 302 2242 450 2275; x_wconf 86' lang='lat' dir='ltr'>ductum</span> <span class='ocrx_word' id='word_1_254' title='bbox 489 2251 585 2283; x_wconf 73' lang='lat' dir='ltr'>esse,</span> <span class='ocrx_word' id='word_1_255' title='bbox 625 2240 758 2273; x_wconf 84' lang='lat' dir='ltr'>deinde</span> <span class='ocrx_word' id='word_1_256' title='bbox 795 2250 879 2273; x_wconf 87' lang='lat' dir='ltr'>vero</span> 
     </span>
     <span class='ocr_line' id='line_1_47' title="bbox 165 2285 879 2330; baseline -0.006 -8"><span class='ocrx_word' id='word_1_257' title='bbox 165 2288 275 2322; x_wconf 90' lang='lat' dir='ltr'>etiam</span> <span class='ocrx_word' id='word_1_258' title='bbox 292 2287 381 2321; x_wconf 88' lang='lat' dir='ltr'>mihi</span> <span class='ocrx_word' id='word_1_259' title='bbox 404 2286 551 2330; x_wconf 88' lang='lat' dir='ltr'>quidem</span> <span class='ocrx_word' id='word_1_260' title='bbox 569 2285 792 2329; x_wconf 87' lang='lat' dir='ltr'>exploratum</span> <span class='ocrx_word' id='word_1_261' title='bbox 814 2288 879 2327; x_wconf 89' lang='lat' dir='ltr'>est,</span> 
     </span>
     <span class='ocr_line' id='line_1_48' title="bbox 164 2329 881 2376; baseline -0.006 -9"><span class='ocrx_word' id='word_1_262' title='bbox 164 2332 414 2367; x_wconf 86' lang='lat' dir='ltr'>Florentinum</span> <span class='ocrx_word' id='word_1_263' title='bbox 452 2331 640 2376; x_wconf 83' lang='lat' dir='ltr'>permultis</span> <span class='ocrx_word' id='word_1_264' title='bbox 685 2329 881 2364; x_wconf 86' lang='lat' dir='ltr'>levioribus</span> 
     </span>
     <span class='ocr_line' id='line_1_49' title="bbox 167 2374 880 2412; baseline -0.004 0"><span class='ocrx_word' id='word_1_265' title='bbox 167 2377 350 2412; x_wconf 86' lang='lat' dir='ltr'>scribendi</span> <span class='ocrx_word' id='word_1_266' title='bbox 365 2376 463 2410; x_wconf 65' lang='lat' dir='ltr'>vitiis</span> <span class='ocrx_word' id='word_1_267' title='bbox 477 2386 555 2410; x_wconf 87' lang='lat' dir='ltr'>esse</span> <span class='ocrx_word' id='word_1_268' title='bbox 570 2375 811 2410; x_wconf 84' lang='lat' dir='ltr'>deformatum</span> <span class='ocrx_word' id='word_1_269' title='bbox 828 2374 880 2409; x_wconf 86' lang='lat' dir='ltr'>in-</span> 
     </span>
     <span class='ocr_line' id='line_1_50' title="bbox 168 2421 882 2465; baseline -0.007 -7"><span class='ocrx_word' id='word_1_270' title='bbox 168 2424 268 2458; x_wconf 89' lang='lat' dir='ltr'>curia</span> <span class='ocrx_word' id='word_1_271' title='bbox 279 2422 418 2457; x_wconf 87' lang='lat' dir='ltr'>librarii</span> <span class='ocrx_word' id='word_1_272' title='bbox 427 2424 470 2464; x_wconf 68' lang='lat'>²2³,</span> <span class='ocrx_word' id='word_1_273' title='bbox 479 2421 542 2464; x_wconf 90' lang='lat' dir='ltr'>qui</span> <span class='ocrx_word' id='word_1_274' title='bbox 555 2421 796 2465; x_wconf 84' lang='lat' dir='ltr'>archetypum</span> <span class='ocrx_word' id='word_1_275' title='bbox 811 2431 882 2453; x_wconf 90' lang='lat' dir='ltr'>non</span> 
     </span>
     <span class='ocr_line' id='line_1_51' title="bbox 168 2465 881 2513; baseline -0.007 -10"><span class='ocrx_word' id='word_1_276' title='bbox 168 2480 212 2503; x_wconf 89' lang='lat' dir='ltr'>ea</span> <span class='ocrx_word' id='word_1_277' title='bbox 245 2478 317 2513; x_wconf 86' lang='lat' dir='ltr'>qua</span> <span class='ocrx_word' id='word_1_278' title='bbox 344 2478 411 2512; x_wconf 89' lang='lat' dir='ltr'>par</span> <span class='ocrx_word' id='word_1_279' title='bbox 438 2470 515 2500; x_wconf 89' lang='lat' dir='ltr'>crat</span> <span class='ocrx_word' id='word_1_280' title='bbox 544 2465 736 2511; x_wconf 87' lang='lat' dir='ltr'>diligentia</span> <span class='ocrx_word' id='word_1_281' title='bbox 767 2469 881 2498; x_wconf 90' lang='lat' dir='ltr'>trans-</span> 
     </span>
    </p>
   </div>
   <div class='ocr_carea' id='block_1_8' title="bbox 170 2579 886 2782">
    <p class='ocr_par' dir='ltr' id='par_1_9' title="bbox 170 2579 886 2782">
     <span class='ocr_line' id='line_1_52' title="bbox 202 2579 883 2608; baseline -0.007 0"><span class='ocrx_word' id='word_1_282' title='bbox 202 2581 230 2601; x_wconf 76' lang='lat'>23</span> <span class='ocrx_word' id='word_1_283' title='bbox 243 2583 358 2608; x_wconf 82' lang='lat' dir='ltr'>Invenit</span> <span class='ocrx_word' id='word_1_284' title='bbox 372 2582 498 2606; x_wconf 86' lang='lat' dir='ltr'>codicem</span> <span class='ocrx_word' id='word_1_285' title='bbox 508 2580 668 2605; x_wconf 77' lang='lat' dir='ltr'>Florentiae</span> <span class='ocrx_word' id='word_1_286' title='bbox 683 2579 748 2604; x_wconf 83' lang='lat' dir='ltr'>baro</span> <span class='ocrx_word' id='word_1_287' title='bbox 764 2579 883 2604; x_wconf 80' lang='lat' dir='ltr'>aSchel-</span> 
     </span>
     <span class='ocr_line' id='line_1_53' title="bbox 170 2613 884 2648; baseline -0.007 -6"><span class='ocrx_word' id='word_1_288' title='bbox 170 2617 313 2648; x_wconf 82' lang='lat' dir='ltr'>lcrsheim,</span> <span class='ocrx_word' id='word_1_289' title='bbox 328 2617 374 2647; x_wconf 85' lang='lat' dir='ltr'>qui</span> <span class='ocrx_word' id='word_1_290' title='bbox 390 2618 556 2647; x_wconf 78' lang='lat' dir='ltr'>procurante</span> <span class='ocrx_word' id='word_1_291' title='bbox 571 2613 712 2639; x_wconf 84' lang='lat' dir='ltr'>Creuzero</span> <span class='ocrx_word' id='word_1_292' title='bbox 728 2614 789 2638; x_wconf 82' lang='lat' dir='ltr'>eius</span> <span class='ocrx_word' id='word_1_293' title='bbox 803 2619 884 2637; x_wconf 83' lang='lat' dir='ltr'>usum</span> 
     </span>
     <span class='ocr_line' id='line_1_54' title="bbox 171 2647 884 2682; baseline -0.008 -6"><span class='ocrx_word' id='word_1_294' title='bbox 171 2651 441 2682; x_wconf 77' lang='lat' dir='ltr'>Schweighaeusero</span> <span class='ocrx_word' id='word_1_295' title='bbox 473 2655 582 2674; x_wconf 74' lang='lat' dir='ltr'>summa</span> <span class='ocrx_word' id='word_1_296' title='bbox 613 2647 781 2672; x_wconf 80' lang='lat' dir='ltr'>liberalitate</span> <span class='ocrx_word' id='word_1_297' title='bbox 819 2653 884 2671; x_wconf 83' lang='lat' dir='ltr'>con-</span> 
     </span>
     <span class='ocr_line' id='line_1_55' title="bbox 170 2689 886 2782; baseline -0.008 -37"><span class='ocrx_word' id='word_1_298' title='bbox 170 2689 385 2782; x_wconf 50' lang='lat' dir='ltr'>}eigndonseras</span> <span class='ocrx_word' id='word_1_299' title='bbox 399 2723 469 2749; x_wconf 81' lang='lat' dir='ltr'>quae</span> <span class='ocrx_word' id='word_1_300' title='bbox 484 2717 536 2741; x_wconf 86' lang='lat' dir='ltr'>hac</span> <span class='ocrx_word' id='word_1_301' title='bbox 551 2716 584 2740; x_wconf 86' lang='lat' dir='ltr'>de</span> <span class='ocrx_word' id='word_1_302' title='bbox 598 2722 627 2740; x_wconf 87' lang='lat' dir='ltr'>re</span> <span class='ocrx_word' id='word_1_303' title='bbox 639 2715 722 2740; x_wconf 88' lang='lat' dir='ltr'>docui</span> <span class='ocrx_word' id='word_1_304' title='bbox 743 2715 771 2740; x_wconf 89' lang='lat' dir='ltr'>in</span> <span class='ocrx_word' id='word_1_305' title='bbox 784 2714 886 2739; x_wconf 86' lang='lat' dir='ltr'>Philol.</span> 
     </span>
    </p>

    <p class='ocr_par' dir='ltr' id='par_1_10' title="bbox 200 2754 294 2779">
     <span class='ocr_line' id='line_1_56' title="bbox 200 2754 294 2779; baseline -0.011 0"><span class='ocrx_word' id='word_1_306' title='bbox 200 2771 210 2779; x_wconf 71' lang='grc'><strong>.</strong></span> <span class='ocrx_word' id='word_1_307' title='bbox 225 2754 237 2778; x_wconf 90' lang='lat' dir='ltr'>l</span> <span class='ocrx_word' id='word_1_308' title='bbox 250 2754 294 2778; x_wconf 81' lang='lat'>81.</span> 
     </span>
    </p>
   </div>
   <div class='ocr_carea' id='block_1_9' title="bbox 890 433 1627 2779">
    <p class='ocr_par' dir='ltr' id='par_1_11' title="bbox 891 433 1160 478">
     <span class='ocr_line' id='line_1_57' title="bbox 891 433 1160 478; baseline 0 -12"><span class='ocrx_word' id='word_1_309' title='bbox 891 433 1042 478; x_wconf 73' lang='lat' dir='ltr'>:burgae</span> <span class='ocrx_word' id='word_1_310' title='bbox 1061 433 1160 467; x_wconf 78' lang='lat'>1869.</span> 
     </span>
    </p>

    <p class='ocr_par' dir='ltr' id='par_1_12' title="bbox 890 477 1627 2779">
     <span class='ocr_line' id='line_1_58' title="bbox 891 477 1620 529; baseline -0.003 -17"><span class='ocrx_word' id='word_1_311' title='bbox 891 515 892 529; x_wconf 16' lang='grc' dir='ltr'><strong>χ</strong></span> <span class='ocrx_word' id='word_1_312' title='bbox 948 480 1010 512; x_wconf 86' lang='lat' dir='ltr'>Ad</span> <span class='ocrx_word' id='word_1_313' title='bbox 1040 479 1105 512; x_wconf 90' lang='lat' dir='ltr'>hos</span> <span class='ocrx_word' id='word_1_314' title='bbox 1136 478 1248 512; x_wconf 87' lang='lat' dir='ltr'>libros</span> <span class='ocrx_word' id='word_1_315' title='bbox 1280 477 1440 522; x_wconf 84' lang='lat' dir='ltr'>proxime</span> <span class='ocrx_word' id='word_1_316' title='bbox 1476 477 1620 511; x_wconf 86' lang='lat' dir='ltr'>accedit</span> 
     </span>
     <span class='ocr_line' id='line_1_59' title="bbox 891 521 1617 567; baseline -0.003 -10"><span class='ocrx_word' id='word_1_317' title='bbox 891 523 1175 558; x_wconf 85' lang='lat' dir='ltr'>Passioneus</span> <span class='ocrx_word' id='word_1_318' title='bbox 1199 526 1253 566; x_wconf 63' lang='grc' dir='ltr'>(Ξ</span> <span class='ocrx_word' id='word_1_319' title='bbox 1275 523 1321 567; x_wconf 83' lang='grc' dir='ltr'>Ρ)</span> <span class='ocrx_word' id='word_1_320' title='bbox 1345 534 1387 557; x_wconf 85' lang='lat' dir='ltr'>ex</span> <span class='ocrx_word' id='word_1_321' title='bbox 1411 522 1540 556; x_wconf 86' lang='lat' dir='ltr'>eadem</span> <span class='ocrx_word' id='word_1_322' title='bbox 1563 521 1617 556; x_wconf 88' lang='lat' dir='ltr'>fa—</span> 
     </span>
     <span class='ocr_line' id='line_1_60' title="bbox 890 552 1619 613; baseline -0.001 -11"><span class='ocrx_word' id='word_1_323' title='bbox 890 552 1004 602; x_wconf 43' lang='lat' dir='ltr'>&#39;milia</span> <span class='ocrx_word' id='word_1_324' title='bbox 1020 568 1222 613; x_wconf 87' lang='lat' dir='ltr'>profectus,</span> <span class='ocrx_word' id='word_1_325' title='bbox 1242 568 1305 612; x_wconf 91' lang='lat' dir='ltr'>qui</span> <span class='ocrx_word' id='word_1_326' title='bbox 1328 567 1512 613; x_wconf 89' lang='lat' dir='ltr'>plerisque</span> <span class='ocrx_word' id='word_1_327' title='bbox 1530 567 1619 602; x_wconf 91' lang='lat' dir='ltr'>locis</span> 
     </span>
     <span class='ocr_line' id='line_1_61' title="bbox 891 611 1618 658; baseline -0.001 -11"><span class='ocrx_word' id='word_1_328' title='bbox 891 611 985 648; x_wconf 59' lang='lat' dir='ltr'>*cum</span> <span class='ocrx_word' id='word_1_329' title='bbox 1002 613 1074 647; x_wconf 89' lang='lat' dir='ltr'>illis</span> <span class='ocrx_word' id='word_1_330' title='bbox 1095 614 1294 658; x_wconf 84' lang='lat' dir='ltr'>conspirat,</span> <span class='ocrx_word' id='word_1_331' title='bbox 1317 612 1498 648; x_wconf 82' lang='lat' dir='ltr'>nonnullis</span> <span class='ocrx_word' id='word_1_332' title='bbox 1521 613 1618 646; x_wconf 90' lang='lat' dir='ltr'>solus</span> 
     </span>
     <span class='ocr_line' id='line_1_62' title="bbox 903 657 1625 704; baseline -0.003 -12"><span class='ocrx_word' id='word_1_333' title='bbox 903 658 1100 704; x_wconf 86' lang='lat' dir='ltr'>genuinam</span> <span class='ocrx_word' id='word_1_334' title='bbox 1118 659 1333 703; x_wconf 82' lang='lat' dir='ltr'>scripturam</span> <span class='ocrx_word' id='word_1_335' title='bbox 1351 657 1516 692; x_wconf 86' lang='lat' dir='ltr'>servavit.</span> <span class='ocrx_word' id='word_1_336' title='bbox 1558 657 1625 691; x_wconf 87' lang='lat' dir='ltr'>De-</span> 
     </span>
     <span class='ocr_line' id='line_1_63' title="bbox 903 702 1618 747; baseline -0.001 -10"><span class='ocrx_word' id='word_1_337' title='bbox 903 704 971 737; x_wconf 89' lang='lat' dir='ltr'>hoc</span> <span class='ocrx_word' id='word_1_338' title='bbox 1001 703 1149 747; x_wconf 85' lang='lat' dir='ltr'>quidem</span> <span class='ocrx_word' id='word_1_339' title='bbox 1182 704 1306 737; x_wconf 88' lang='lat' dir='ltr'>codice</span> <span class='ocrx_word' id='word_1_340' title='bbox 1336 702 1618 747; x_wconf 77' lang='lat' dir='ltr'>VVesselingius,</span> 
     </span>
     <span class='ocr_line' id='line_1_64' title="bbox 903 748 1617 792; baseline 0 -11"><span class='ocrx_word' id='word_1_341' title='bbox 903 748 962 782; x_wconf 89' lang='lat' dir='ltr'>eui</span> <span class='ocrx_word' id='word_1_342' title='bbox 991 748 1113 792; x_wconf 90' lang='lat' dir='ltr'>paullo</span> <span class='ocrx_word' id='word_1_343' title='bbox 1136 752 1220 782; x_wconf 86' lang='lat' dir='ltr'>ante</span> <span class='ocrx_word' id='word_1_344' title='bbox 1245 749 1332 782; x_wconf 89' lang='lat' dir='ltr'>baro</span> <span class='ocrx_word' id='word_1_345' title='bbox 1356 759 1378 782; x_wconf 87' lang='lat' dir='ltr'>a</span> <span class='ocrx_word' id='word_1_346' title='bbox 1402 748 1546 789; x_wconf 83' lang='lat' dir='ltr'>Suiten,</span> <span class='ocrx_word' id='word_1_347' title='bbox 1571 748 1617 781; x_wconf 89' lang='lat' dir='ltr'>de</span> 
     </span>
     <span class='ocr_line' id='line_1_65' title="bbox 890 792 1618 837; baseline -0.001 -10"><span class='ocrx_word' id='word_1_348' title='bbox 890 792 1062 835; x_wconf 38' lang='lat' dir='ltr'>,editione</span> <span class='ocrx_word' id='word_1_349' title='bbox 1080 793 1258 826; x_wconf 89' lang='lat' dir='ltr'>Herodoti</span> <span class='ocrx_word' id='word_1_350' title='bbox 1275 793 1439 837; x_wconf 83' lang='lat' dir='ltr'>paranda</span> <span class='ocrx_word' id='word_1_351' title='bbox 1456 804 1521 837; x_wconf 89' lang='lat' dir='ltr'>per</span> <span class='ocrx_word' id='word_1_352' title='bbox 1538 793 1618 826; x_wconf 87' lang='lat' dir='ltr'>lite-</span> 
     </span>
     <span class='ocr_line' id='line_1_66' title="bbox 902 837 1618 881; baseline 0 -11"><span class='ocrx_word' id='word_1_353' title='bbox 902 837 1618 881; x_wconf 86' lang='lat' dir='ltr'>rasadmonitus,Vindobonensisbiblio-</span> 
     </span>
     <span class='ocr_line' id='line_1_67' title="bbox 890 882 1619 916; baseline -0.001 0"><span class='ocrx_word' id='word_1_354' title='bbox 890 883 1032 916; x_wconf 63' lang='lat' dir='ltr'>⁴thecae</span> <span class='ocrx_word' id='word_1_355' title='bbox 1065 883 1219 916; x_wconf 86' lang='lat' dir='ltr'>schedas</span> <span class='ocrx_word' id='word_1_356' title='bbox 1249 894 1329 916; x_wconf 91' lang='lat' dir='ltr'>cum</span> <span class='ocrx_word' id='word_1_357' title='bbox 1359 882 1516 916; x_wconf 84' lang='lat' dir='ltr'>editione</span> <span class='ocrx_word' id='word_1_358' title='bbox 1546 882 1619 916; x_wconf 82' lang='lat' dir='ltr'>Ge·</span> 
     </span>
     <span class='ocr_line' id='line_1_68' title="bbox 902 927 1618 962; baseline -0.001 -1"><span class='ocrx_word' id='word_1_359' title='bbox 902 927 1052 962; x_wconf 83' lang='lat' dir='ltr'>nevensi</span> <span class='ocrx_word' id='word_1_360' title='bbox 1076 928 1237 961; x_wconf 83' lang='lat' dir='ltr'>conlatas</span> <span class='ocrx_word' id='word_1_361' title='bbox 1265 927 1518 961; x_wconf 77' lang='lat' dir='ltr'>liberafissime</span> <span class='ocrx_word' id='word_1_362' title='bbox 1546 931 1618 960; x_wconf 80' lang='lat' dir='ltr'>tra-</span> 
     </span>
     <span class='ocr_line' id='line_1_69' title="bbox 890 972 1619 1015; baseline -0.004 -8"><span class='ocrx_word' id='word_1_363' title='bbox 890 972 1063 1015; x_wconf 71' lang='lat' dir='ltr'>diderat,</span> <span class='ocrx_word' id='word_1_364' title='bbox 1085 972 1139 1006; x_wconf 82' lang='lat' dir='ltr'>ita</span> <span class='ocrx_word' id='word_1_365' title='bbox 1155 972 1297 1006; x_wconf 88' lang='lat' dir='ltr'>scribit:</span> <span class='ocrx_word' id='word_1_366' title='bbox 1320 974 1395 1006; x_wconf 85' lang='lat' dir='ltr'>Par</span> <span class='ocrx_word' id='word_1_367' title='bbox 1411 972 1531 1014; x_wconf 81' lang='lat' dir='ltr'>fuisset</span> <span class='ocrx_word' id='word_1_368' title='bbox 1548 984 1619 1005; x_wconf 87' lang='lat' dir='ltr'>am-</span> 
     </span>
     <span class='ocr_line' id='line_1_70' title="bbox 899 1017 1618 1062; baseline -0.003 -10"><span class='ocrx_word' id='word_1_369' title='bbox 899 1019 1049 1062; x_wconf 84' lang='lat' dir='ltr'>plissimi</span> <span class='ocrx_word' id='word_1_370' title='bbox 1064 1019 1255 1051; x_wconf 78' lang='lat' dir='ltr'>cardinalis</span> <span class='ocrx_word' id='word_1_371' title='bbox 1275 1018 1411 1056; x_wconf 76' lang='lat' dir='ltr'>Quirini</span> <span class='ocrx_word' id='word_1_372' title='bbox 1430 1017 1618 1051; x_wconf 71' lang='lat' dir='ltr'>benit-olen-</span> 
     </span>
     <span class='ocr_line' id='line_1_71' title="bbox 903 1062 1620 1107; baseline -0.001 -10"><span class='ocrx_word' id='word_1_373' title='bbox 903 1064 951 1097; x_wconf 75' lang='lat' dir='ltr'>tta</span> <span class='ocrx_word' id='word_1_374' title='bbox 982 1064 1017 1096; x_wconf 84' lang='lat' dir='ltr'>in</span> <span class='ocrx_word' id='word_1_375' title='bbox 1044 1064 1217 1107; x_wconf 78' lang='lat' dir='ltr'>promisso</span> <span class='ocrx_word' id='word_1_376' title='bbox 1246 1075 1287 1096; x_wconf 74' lang='lat' dir='ltr'>esc</span> <span class='ocrx_word' id='word_1_377' title='bbox 1314 1063 1409 1096; x_wconf 82' lang='lat' dir='ltr'>libris</span> <span class='ocrx_word' id='word_1_378' title='bbox 1445 1062 1620 1096; x_wconf 77' lang='lat' dir='ltr'>Vaticanis</span> 
     </span>
     <span class='ocr_line' id='line_1_72' title="bbox 904 1108 1617 1151; baseline -0.001 -9"><span class='ocrx_word' id='word_1_379' title='bbox 904 1109 1050 1150; x_wconf 68' lang='lat' dir='ltr'>auxilio,</span> <span class='ocrx_word' id='word_1_380' title='bbox 1074 1109 1144 1141; x_wconf 86' lang='lat' dir='ltr'>nisi</span> <span class='ocrx_word' id='word_1_381' title='bbox 1158 1119 1251 1141; x_wconf 83' lang='lat' dir='ltr'>mors</span> <span class='ocrx_word' id='word_1_382' title='bbox 1274 1109 1361 1141; x_wconf 81' lang='lat' dir='ltr'>illud</span> <span class='ocrx_word' id='word_1_383' title='bbox 1376 1108 1617 1151; x_wconf 75' lang='lat' dir='ltr'>intercepisset,</span> 
     </span>
     <span class='ocr_line' id='line_1_73' title="bbox 899 1153 1619 1198; baseline -0.003 -11"><span class='ocrx_word' id='word_1_384' title='bbox 899 1155 1098 1198; x_wconf 82' lang='lat' dir='ltr'>plenissimo</span> <span class='ocrx_word' id='word_1_385' title='bbox 1124 1160 1237 1187; x_wconf 86' lang='lat' dir='ltr'>tamen</span> <span class='ocrx_word' id='word_1_386' title='bbox 1259 1153 1392 1195; x_wconf 85' lang='lat' dir='ltr'>favoris</span> <span class='ocrx_word' id='word_1_387' title='bbox 1414 1154 1449 1186; x_wconf 86' lang='lat' dir='ltr'>in</span> <span class='ocrx_word' id='word_1_388' title='bbox 1472 1154 1619 1196; x_wconf 75' lang='lat' dir='ltr'>epistula</span> 
     </span>
     <span class='ocr_line' id='line_1_74' title="bbox 905 1199 1618 1242; baseline -0.001 -10"><span class='ocrx_word' id='word_1_389' title='bbox 905 1200 955 1233; x_wconf 67' lang='grc' dir='ltr'>ΟΖ.</span> <span class='ocrx_word' id='word_1_390' title='bbox 973 1199 1183 1232; x_wconf 85' lang='lat' dir='ltr'>Assemanni</span> <span class='ocrx_word' id='word_1_391' title='bbox 1196 1210 1298 1242; x_wconf 75' lang='lat' dir='ltr'>super</span> <span class='ocrx_word' id='word_1_392' title='bbox 1315 1199 1399 1232; x_wconf 85' lang='lat' dir='ltr'>locis</span> <span class='ocrx_word' id='word_1_393' title='bbox 1415 1199 1618 1242; x_wconf 78' lang='lat' dir='ltr'>quibusdam</span> 
     </span>
     <span class='ocr_line' id='line_1_75' title="bbox 903 1244 1617 1289; baseline -0.003 -11"><span class='ocrx_word' id='word_1_394' title='bbox 903 1245 1116 1278; x_wconf 72' lang='lat' dir='ltr'>Herodotets.</span> <span class='ocrx_word' id='word_1_395' title='bbox 1156 1245 1247 1289; x_wconf 76' lang='lat' dir='ltr'>quod</span> <span class='ocrx_word' id='word_1_396' title='bbox 1269 1244 1364 1277; x_wconf 84' lang='lat' dir='ltr'>illum</span> <span class='ocrx_word' id='word_1_397' title='bbox 1387 1249 1499 1277; x_wconf 79' lang='lat' dir='ltr'>autem</span> <span class='ocrx_word' id='word_1_398' title='bbox 1512 1255 1617 1287; x_wconf 81' lang='lat' dir='ltr'>prae-</span> 
     </span>
     <span class='ocr_line' id='line_1_76' title="bbox 901 1289 1617 1330; baseline 0 -9"><span class='ocrx_word' id='word_1_399' title='bbox 901 1296 995 1323; x_wconf 86' lang='lat' dir='ltr'>stare</span> <span class='ocrx_word' id='word_1_400' title='bbox 1017 1301 1087 1322; x_wconf 83' lang='lat' dir='ltr'>non</span> <span class='ocrx_word' id='word_1_401' title='bbox 1115 1289 1267 1322; x_wconf 76' lang='lat' dir='ltr'>siverunt</span> <span class='ocrx_word' id='word_1_402' title='bbox 1294 1289 1388 1330; x_wconf 84' lang='lat' dir='ltr'>fata,</span> <span class='ocrx_word' id='word_1_403' title='bbox 1419 1289 1617 1322; x_wconf 84' lang='lat' dir='ltr'>cumulatis-</span> 
     </span>
     <span class='ocr_line' id='line_1_77' title="bbox 901 1334 1618 1377; baseline -0.003 -9"><span class='ocrx_word' id='word_1_404' title='bbox 901 1336 983 1368; x_wconf 86' lang='lat' dir='ltr'>sime</span> <span class='ocrx_word' id='word_1_405' title='bbox 1000 1335 1145 1368; x_wconf 80' lang='lat' dir='ltr'>eiusdem</span> <span class='ocrx_word' id='word_1_406' title='bbox 1163 1335 1231 1368; x_wconf 73' lang='lat' dir='ltr'>loci</span> <span class='ocrx_word' id='word_1_407' title='bbox 1245 1341 1275 1367; x_wconf 88' lang='lat' dir='ltr'>et</span> <span class='ocrx_word' id='word_1_408' title='bbox 1288 1334 1462 1377; x_wconf 71' lang='lat' dir='ltr'>(liqnitatis</span> <span class='ocrx_word' id='word_1_409' title='bbox 1475 1335 1525 1367; x_wconf 84' lang='lat' dir='ltr'>vir</span> <span class='ocrx_word' id='word_1_410' title='bbox 1538 1334 1618 1366; x_wconf 87' lang='lat' dir='ltr'>emi-</span> 
     </span>
     <span class='ocr_line' id='line_1_78' title="bbox 902 1380 1617 1421; baseline -0.001 -8"><span class='ocrx_word' id='word_1_411' title='bbox 902 1381 1072 1413; x_wconf 83' lang='lat' dir='ltr'>nentissim</span> <span class='ocrx_word' id='word_1_412' title='bbox 1078 1392 1126 1421; x_wconf 89' lang='lat' dir='ltr'>us,</span> <span class='ocrx_word' id='word_1_413' title='bbox 1144 1380 1332 1413; x_wconf 77' lang='lat' dir='ltr'>cardinalis</span> <span class='ocrx_word' id='word_1_414' title='bbox 1339 1380 1548 1413; x_wconf 79' lang='lat' dir='ltr'>Passioneus</span> <span class='ocrx_word' id='word_1_415' title='bbox 1561 1391 1617 1412; x_wconf 76' lang='lat' dir='ltr'>ex-</span> 
     </span>
     <span class='ocr_line' id='line_1_79' title="bbox 900 1425 1617 1469; baseline -0.001 -11"><span class='ocrx_word' id='word_1_416' title='bbox 900 1427 1020 1469; x_wconf 73' lang='lat' dir='ltr'>plevit:</span> <span class='ocrx_word' id='word_1_417' title='bbox 1048 1437 1195 1469; x_wconf 73' lang='lat' dir='ltr'>namque</span> <span class='ocrx_word' id='word_1_418' title='bbox 1223 1426 1359 1469; x_wconf 63' lang='lat' dir='ltr'>cognita</span> <span class='ocrx_word' id='word_1_419' title='bbox 1381 1436 1456 1458; x_wconf 86' lang='lat' dir='ltr'>mea</span> <span class='ocrx_word' id='word_1_420' title='bbox 1477 1425 1617 1458; x_wconf 75' lang='lat' dir='ltr'>scheda-</span> 
     </span>
     <span class='ocr_line' id='line_1_80' title="bbox 903 1471 1617 1514; baseline -0.001 -11"><span class='ocrx_word' id='word_1_421' title='bbox 903 1482 978 1504; x_wconf 82' lang='lat' dir='ltr'>rum</span> <span class='ocrx_word' id='word_1_422' title='bbox 1003 1471 1249 1504; x_wconf 85' lang='lat' dir='ltr'>Vaticanarum</span> <span class='ocrx_word' id='word_1_423' title='bbox 1267 1471 1422 1514; x_wconf 79' lang='lat' dir='ltr'>cupidine</span> <span class='ocrx_word' id='word_1_424' title='bbox 1435 1471 1617 1514; x_wconf 82' lang='lat' dir='ltr'>perhuma-</span> 
     </span>
     <span class='ocr_line' id='line_1_81' title="bbox 902 1515 1617 1559; baseline -0.003 -10"><span class='ocrx_word' id='word_1_425' title='bbox 902 1518 989 1549; x_wconf 84' lang='lat' dir='ltr'>niter</span> <span class='ocrx_word' id='word_1_426' title='bbox 1012 1516 1186 1559; x_wconf 78' lang='lat' dir='ltr'>rescripsit</span> <span class='ocrx_word' id='word_1_427' title='bbox 1203 1527 1261 1549; x_wconf 84' lang='lat' dir='ltr'>eas</span> <span class='ocrx_word' id='word_1_428' title='bbox 1278 1527 1339 1549; x_wconf 87' lang='lat' dir='ltr'>nec</span> <span class='ocrx_word' id='word_1_429' title='bbox 1362 1516 1543 1555; x_wconf 77' lang='lat' dir='ltr'>admodum</span> <span class='ocrx_word' id='word_1_430' title='bbox 1561 1515 1617 1548; x_wconf 82' lang='lat' dir='ltr'>bo-</span> 
     </span>
     <span class='ocr_line' id='line_1_82' title="bbox 902 1560 1618 1604; baseline -0.003 -10"><span class='ocrx_word' id='word_1_431' title='bbox 902 1573 965 1594; x_wconf 87' lang='lat' dir='ltr'>nas</span> <span class='ocrx_word' id='word_1_432' title='bbox 994 1573 1054 1594; x_wconf 89' lang='lat' dir='ltr'>nec</span> <span class='ocrx_word' id='word_1_433' title='bbox 1078 1562 1217 1604; x_wconf 78' lang='lat' dir='ltr'>priscas</span> <span class='ocrx_word' id='word_1_434' title='bbox 1245 1562 1369 1601; x_wconf 75' lang='lat' dir='ltr'>videri,·</span> <span class='ocrx_word' id='word_1_435' title='bbox 1401 1571 1473 1594; x_wconf 83' lang='lat' dir='ltr'>esse</span> <span class='ocrx_word' id='word_1_436' title='bbox 1494 1560 1618 1593; x_wconf 81' lang='lat' dir='ltr'>suain</span> 
     </span>
     <span class='ocr_line' id='line_1_83' title="bbox 904 1605 1617 1649; baseline -0.003 -9"><span class='ocrx_word' id='word_1_437' title='bbox 904 1607 1116 1648; x_wconf 74' lang='lat' dir='ltr'>bibliotheca,</span> <span class='ocrx_word' id='word_1_438' title='bbox 1147 1618 1187 1639; x_wconf 68' lang='lat' dir='ltr'>ez</span> <span class='ocrx_word' id='word_1_439' title='bbox 1214 1605 1399 1648; x_wconf 81' lang='lat' dir='ltr'>Sfortiana</span> <span class='ocrx_word' id='word_1_440' title='bbox 1424 1605 1617 1649; x_wconf 78' lang='lat' dir='ltr'>profectas,</span> 
     </span>
     <span class='ocr_line' id='line_1_84' title="bbox 902 1652 1618 1695; baseline -0.001 -11"><span class='ocrx_word' id='word_1_441' title='bbox 902 1652 1117 1695; x_wconf 70' lang='lat' dir='ltr'>z‘nteyriores,</span> <span class='ocrx_word' id='word_1_442' title='bbox 1148 1652 1251 1684; x_wconf 77' lang='lat' dir='ltr'>nitide</span> <span class='ocrx_word' id='word_1_443' title='bbox 1268 1652 1382 1695; x_wconf 78' lang='lat' dir='ltr'>pictas</span> <span class='ocrx_word' id='word_1_444' title='bbox 1411 1657 1441 1684; x_wconf 88' lang='lat' dir='ltr'>et</span> <span class='ocrx_word' id='word_1_445' title='bbox 1470 1657 1618 1691; x_wconf 79' lang='lat' dir='ltr'>veteres,-</span> 
     </span>
     <span class='ocr_line' id='line_1_85' title="bbox 902 1695 1618 1741; baseline -0.003 -11"><span class='ocrx_word' id='word_1_446' title='bbox 902 1698 1022 1730; x_wconf 84' lang='lat' dir='ltr'>harum</span> <span class='ocrx_word' id='word_1_447' title='bbox 1040 1708 1075 1730; x_wconf 91' lang='lat' dir='ltr'>se</span> <span class='ocrx_word' id='word_1_448' title='bbox 1092 1695 1288 1740; x_wconf 62' lang='grc' dir='ltr'><em>διαφόρους</em></span> <span class='ocrx_word' id='word_1_449' title='bbox 1304 1697 1443 1741; x_wconf 73' lang='grc' dir='ltr'><em>γραφάς</em></span> <span class='ocrx_word' id='word_1_450' title='bbox 1456 1696 1618 1728; x_wconf 84' lang='lat' dir='ltr'>mihinon</span> 
     </span>
     <span class='ocr_line' id='line_1_86' title="bbox 903 1741 1618 1785; baseline -0.003 -10"><span class='ocrx_word' id='word_1_451' title='bbox 903 1748 1116 1785; x_wconf 72' lang='lat' dir='ltr'>neqaturum.</span> <span class='ocrx_word' id='word_1_452' title='bbox 1136 1742 1278 1774; x_wconf 75' lang='lat' dir='ltr'>absolvit</span> <span class='ocrx_word' id='word_1_453' title='bbox 1293 1742 1342 1774; x_wconf 75' lang='lat' dir='ltr'>vir</span> <span class='ocrx_word' id='word_1_454' title='bbox 1354 1752 1516 1782; x_wconf 84' lang='lat' dir='ltr'>summus,</span> <span class='ocrx_word' id='word_1_455' title='bbox 1527 1741 1618 1785; x_wconf 72' lang='lat' dir='ltr'>qzcocl</span> 
     </span>
     <span class='ocr_line' id='line_1_87' title="bbox 904 1786 1617 1830; baseline -0.003 -10"><span class='ocrx_word' id='word_1_456' title='bbox 904 1793 1093 1830; x_wconf 82' lang='lat' dir='ltr'>receperat,</span> <span class='ocrx_word' id='word_1_457' title='bbox 1123 1787 1330 1827; x_wconf 77' lang='lat' dir='ltr'>liberaliter;</span> <span class='ocrx_word' id='word_1_458' title='bbox 1359 1786 1455 1819; x_wconf 83' lang='lat' dir='ltr'>cuius</span> <span class='ocrx_word' id='word_1_459' title='bbox 1477 1798 1536 1829; x_wconf 66' lang='lat' dir='ltr'>eya</span> <span class='ocrx_word' id='word_1_460' title='bbox 1561 1797 1617 1818; x_wconf 70' lang='lat' dir='ltr'>ea:-</span> 
     </span>
     <span class='ocr_line' id='line_1_88' title="bbox 903 1831 1616 1874; baseline -0.001 -9"><span class='ocrx_word' id='word_1_461' title='bbox 903 1834 1075 1865; x_wconf 82' lang='lat' dir='ltr'>cellentem</span> <span class='ocrx_word' id='word_1_462' title='bbox 1093 1833 1127 1864; x_wconf 87' lang='lat' dir='ltr'>in</span> <span class='ocrx_word' id='word_1_463' title='bbox 1145 1833 1204 1864; x_wconf 86' lang='lat' dir='ltr'>illo</span> <span class='ocrx_word' id='word_1_464' title='bbox 1218 1831 1369 1874; x_wconf 68' lang='lat' dir='ltr'>fastiyio,</span> <span class='ocrx_word' id='word_1_465' title='bbox 1387 1832 1466 1863; x_wconf 78' lang='lat' dir='ltr'>dum</span> <span class='ocrx_word' id='word_1_466' title='bbox 1479 1842 1616 1874; x_wconf 75' lang='lat' dir='ltr'>supere-</span> 
     </span>
     <span class='ocr_line' id='line_1_89' title="bbox 902 1876 1617 1920; baseline -0.003 -10"><span class='ocrx_word' id='word_1_467' title='bbox 902 1883 968 1919; x_wconf 86' lang='lat' dir='ltr'>rat,</span> <span class='ocrx_word' id='word_1_468' title='bbox 991 1877 1232 1910; x_wconf 70' lang='lat' dir='ltr'>humanitatem</span> <span class='ocrx_word' id='word_1_469' title='bbox 1251 1882 1280 1910; x_wconf 89' lang='lat' dir='ltr'>et</span> <span class='ocrx_word' id='word_1_470' title='bbox 1297 1887 1379 1920; x_wconf 64' lang='lat' dir='ltr'>erga</span> <span class='ocrx_word' id='word_1_471' title='bbox 1402 1887 1454 1909; x_wconf 85' lang='lat' dir='ltr'>me</span> <span class='ocrx_word' id='word_1_472' title='bbox 1470 1876 1617 1909; x_wconf 79' lang='lat' dir='ltr'>studium</span> 
     </span>
     <span class='ocr_line' id='line_1_90' title="bbox 903 1921 1618 1965; baseline -0.003 -9"><span class='ocrx_word' id='word_1_473' title='bbox 903 1923 1060 1956; x_wconf 69' lang='lat' dir='ltr'>tcmctc&#39;bus</span> <span class='ocrx_word' id='word_1_474' title='bbox 1072 1921 1165 1964; x_wconf 83' lang='lat' dir='ltr'>ferre</span> <span class='ocrx_word' id='word_1_475' title='bbox 1178 1928 1209 1955; x_wconf 88' lang='lat' dir='ltr'>et</span> <span class='ocrx_word' id='word_1_476' title='bbox 1219 1928 1323 1965; x_wconf 69' lang='lat' dir='ltr'>yrata</span> <span class='ocrx_word' id='word_1_477' title='bbox 1340 1928 1449 1959; x_wconf 83' lang='lat' dir='ltr'>mente</span> <span class='ocrx_word' id='word_1_478' title='bbox 1467 1922 1618 1954; x_wconf 83' lang='lat' dir='ltr'>recolere</span> 
     </span>
     <span class='ocr_line' id='line_1_91' title="bbox 903 1967 1616 2012; baseline 0.001 -14"><span class='ocrx_word' id='word_1_479' title='bbox 903 1968 1054 2001; x_wconf 68' lang='lat' dir='ltr'>(lesinam</span> <span class='ocrx_word' id='word_1_480' title='bbox 1071 1978 1256 2012; x_wconf 81' lang='lat' dir='ltr'>nunquam.</span> <span class='ocrx_word' id='word_1_481' title='bbox 1291 1968 1331 2000; x_wconf 75' lang='lat' dir='ltr'>(Ie</span> <span class='ocrx_word' id='word_1_482' title='bbox 1347 1967 1433 1999; x_wconf 82' lang='lat' dir='ltr'>libro</span> <span class='ocrx_word' id='word_1_483' title='bbox 1450 1978 1532 2000; x_wconf 84' lang='lat' dir='ltr'>vera</span> <span class='ocrx_word' id='word_1_484' title='bbox 1547 1978 1616 1999; x_wconf 85' lang='lat' dir='ltr'>om-</span> 
     </span>
     <span class='ocr_line' id='line_1_92' title="bbox 903 2012 1620 2046; baseline -0.003 0"><span class='ocrx_word' id='word_1_485' title='bbox 903 2015 979 2046; x_wconf 84' lang='lat' dir='ltr'>nia:</span> <span class='ocrx_word' id='word_1_486' title='bbox 1014 2013 1108 2046; x_wconf 86' lang='lat' dir='ltr'>circa</span> <span class='ocrx_word' id='word_1_487' title='bbox 1136 2014 1310 2045; x_wconf 85' lang='lat' dir='ltr'>saeculum</span> <span class='ocrx_word' id='word_1_488' title='bbox 1339 2012 1418 2045; x_wconf 87' lang='lat' dir='ltr'>XII</span> <span class='ocrx_word' id='word_1_489' title='bbox 1445 2012 1488 2045; x_wconf 81' lang='lat' dir='ltr'>ab</span> <span class='ocrx_word' id='word_1_490' title='bbox 1520 2013 1620 2044; x_wconf 80' lang='lat' dir='ltr'>docto</span> 
     </span>
     <span class='ocr_line' id='line_1_93' title="bbox 902 2057 1618 2101; baseline -0.003 -9"><span class='ocrx_word' id='word_1_491' title='bbox 902 2059 1017 2092; x_wconf 79' lang='lat' dir='ltr'>scriba</span> <span class='ocrx_word' id='word_1_492' title='bbox 1039 2064 1202 2091; x_wconf 78' lang='lat' dir='ltr'>exaratus</span> <span class='ocrx_word' id='word_1_493' title='bbox 1226 2064 1289 2099; x_wconf 87' lang='lat' dir='ltr'>est,</span> <span class='ocrx_word' id='word_1_494' title='bbox 1309 2058 1526 2101; x_wconf 77' lang='lat' dir='ltr'>praestantia</span> <span class='ocrx_word' id='word_1_495' title='bbox 1542 2057 1618 2090; x_wconf 80' lang='lat' dir='ltr'>Me-</span> 
     </span>
     <span class='ocr_line' id='line_1_94' title="bbox 903 2102 1618 2146; baseline -0.003 -9"><span class='ocrx_word' id='word_1_496' title='bbox 903 2105 996 2137; x_wconf 79' lang='lat' dir='ltr'>(Iiceo</span> <span class='ocrx_word' id='word_1_497' title='bbox 1014 2104 1097 2136; x_wconf 79' lang='lat' dir='ltr'>nihil</span> <span class='ocrx_word' id='word_1_498' title='bbox 1115 2104 1171 2146; x_wconf 69' lang='lat' dir='ltr'>(fl)</span> <span class='ocrx_word' id='word_1_499' title='bbox 1188 2104 1317 2144; x_wconf 78' lang='lat' dir='ltr'>cedens,</span> <span class='ocrx_word' id='word_1_500' title='bbox 1334 2113 1436 2145; x_wconf 82' lang='lat' dir='ltr'>saepe</span> <span class='ocrx_word' id='word_1_501' title='bbox 1447 2102 1618 2146; x_wconf 79' lang='lat' dir='ltr'>superior.</span> 
     </span>
     <span class='ocr_line' id='line_1_95' title="bbox 904 2145 1618 2192; baseline -0.003 -10"><span class='ocrx_word' id='word_1_502' title='bbox 904 2148 1044 2189; x_wconf 80' lang='lat' dir='ltr'>Quibus</span> <span class='ocrx_word' id='word_1_503' title='bbox 1062 2159 1180 2192; x_wconf 86' lang='lat' dir='ltr'>pauca</span> <span class='ocrx_word' id='word_1_504' title='bbox 1196 2151 1338 2181; x_wconf 83' lang='lat' dir='ltr'>tantum</span> <span class='ocrx_word' id='word_1_505' title='bbox 1355 2147 1500 2181; x_wconf 89' lang='lat' dir='ltr'>addam.</span> <span class='ocrx_word' id='word_1_506' title='bbox 1551 2145 1618 2180; x_wconf 90' lang='lat' dir='ltr'>Co-</span> 
     </span>
     <span class='ocr_line' id='line_1_96' title="bbox 904 2191 1618 2238; baseline -0.004 -10"><span class='ocrx_word' id='word_1_507' title='bbox 904 2194 1021 2228; x_wconf 88' lang='lat' dir='ltr'>dicem</span> <span class='ocrx_word' id='word_1_508' title='bbox 1044 2193 1124 2238; x_wconf 90' lang='lat' dir='ltr'>ipse</span> <span class='ocrx_word' id='word_1_509' title='bbox 1146 2193 1236 2226; x_wconf 87' lang='lat' dir='ltr'>meis</span> <span class='ocrx_word' id='word_1_510' title='bbox 1260 2192 1373 2227; x_wconf 89' lang='lat' dir='ltr'>oculis</span> <span class='ocrx_word' id='word_1_511' title='bbox 1394 2191 1472 2225; x_wconf 87' lang='lat' dir='ltr'>vidi</span> <span class='ocrx_word' id='word_1_512' title='bbox 1488 2191 1618 2226; x_wconf 88' lang='lat' dir='ltr'>itinere</span> 
     </span>
     <span class='ocr_line' id='line_1_97' title="bbox 904 2237 1620 2282; baseline -0.003 -10"><span class='ocrx_word' id='word_1_513' title='bbox 904 2251 936 2273; x_wconf 85' lang='lat' dir='ltr'>a.</span> <span class='ocrx_word' id='word_1_514' title='bbox 969 2238 1057 2272; x_wconf 78' lang='lat'>1864</span> <span class='ocrx_word' id='word_1_515' title='bbox 1085 2238 1122 2272; x_wconf 87' lang='lat' dir='ltr'>in</span> <span class='ocrx_word' id='word_1_516' title='bbox 1150 2237 1296 2272; x_wconf 84' lang='lat' dir='ltr'>Italiam</span> <span class='ocrx_word' id='word_1_517' title='bbox 1325 2241 1504 2282; x_wconf 88' lang='lat' dir='ltr'>suscepto.</span> <span class='ocrx_word' id='word_1_518' title='bbox 1553 2237 1620 2270; x_wconf 89' lang='lat' dir='ltr'>Est</span> 
     </span>
     <span class='ocr_line' id='line_1_98' title="bbox 904 2281 1620 2327; baseline -0.003 -9"><span class='ocrx_word' id='word_1_519' title='bbox 904 2284 997 2318; x_wconf 90' lang='lat' dir='ltr'>liber</span> <span class='ocrx_word' id='word_1_520' title='bbox 1013 2284 1329 2326; x_wconf 81' lang='lat' dir='ltr'>membranaceus,</span> <span class='ocrx_word' id='word_1_521' title='bbox 1352 2281 1620 2327; x_wconf 87' lang='lat' dir='ltr'>praestantissi-</span> 
     </span>
     <span class='ocr_line' id='line_1_99' title="bbox 904 2327 1620 2372; baseline -0.004 -9"><span class='ocrx_word' id='word_1_522' title='bbox 904 2341 1001 2372; x_wconf 90' lang='lat' dir='ltr'>mus,</span> <span class='ocrx_word' id='word_1_523' title='bbox 1030 2329 1174 2363; x_wconf 88' lang='lat' dir='ltr'>saeculo</span> <span class='ocrx_word' id='word_1_524' title='bbox 1197 2327 1411 2362; x_wconf 86' lang='lat' dir='ltr'>duodecimo</span> <span class='ocrx_word' id='word_1_525' title='bbox 1440 2331 1620 2369; x_wconf 85' lang='lat' dir='ltr'>exaratus,</span> 
     </span>
     <span class='ocr_line' id='line_1_100' title="bbox 905 2372 1620 2417; baseline -0.004 -9"><span class='ocrx_word' id='word_1_526' title='bbox 905 2378 944 2408; x_wconf 89' lang='lat' dir='ltr'>ut</span> <span class='ocrx_word' id='word_1_527' title='bbox 957 2375 1144 2408; x_wconf 82' lang='lat' dir='ltr'>literarum</span> <span class='ocrx_word' id='word_1_528' title='bbox 1159 2374 1281 2415; x_wconf 90' lang='lat' dir='ltr'>ductu,</span> <span class='ocrx_word' id='word_1_529' title='bbox 1299 2373 1499 2417; x_wconf 86' lang='lat' dir='ltr'>scripturae</span> <span class='ocrx_word' id='word_1_530' title='bbox 1512 2372 1620 2406; x_wconf 89' lang='lat' dir='ltr'>modo</span> 
     </span>
     <span class='ocr_line' id='line_1_101' title="bbox 906 2418 1621 2462; baseline -0.003 -9"><span class='ocrx_word' id='word_1_531' title='bbox 906 2419 1059 2454; x_wconf 89' lang='lat' dir='ltr'>indicari</span> <span class='ocrx_word' id='word_1_532' title='bbox 1076 2419 1229 2452; x_wconf 88' lang='lat' dir='ltr'>videtur.</span> <span class='ocrx_word' id='word_1_533' title='bbox 1267 2418 1346 2458; x_wconf 83' lang='lat' dir='ltr'>Quo</span> <span class='ocrx_word' id='word_1_534' title='bbox 1362 2422 1524 2462; x_wconf 89' lang='lat' dir='ltr'>tempore</span> <span class='ocrx_word' id='word_1_535' title='bbox 1539 2428 1621 2451; x_wconf 89' lang='lat' dir='ltr'>cum</span> 
     </span>
     <span class='ocr_line' id='line_1_102' title="bbox 906 2462 1621 2508; baseline -0.003 -10"><span class='ocrx_word' id='word_1_536' title='bbox 906 2464 994 2498; x_wconf 89' lang='lat' dir='ltr'>mihi</span> <span class='ocrx_word' id='word_1_537' title='bbox 1024 2474 1095 2497; x_wconf 90' lang='lat' dir='ltr'>non</span> <span class='ocrx_word' id='word_1_538' title='bbox 1128 2462 1356 2508; x_wconf 83' lang='lat' dir='ltr'>contigisset,</span> <span class='ocrx_word' id='word_1_539' title='bbox 1390 2466 1430 2496; x_wconf 89' lang='lat' dir='ltr'>ut</span> <span class='ocrx_word' id='word_1_540' title='bbox 1458 2462 1621 2496; x_wconf 84' lang='lat' dir='ltr'>codicem</span> 
     </span>
     <span class='ocr_line' id='line_1_103' title="bbox 908 2507 1622 2554; baseline -0.004 -11"><span class='ocrx_word' id='word_1_541' title='bbox 908 2521 988 2544; x_wconf 91' lang='lat' dir='ltr'>cum</span> <span class='ocrx_word' id='word_1_542' title='bbox 1017 2508 1218 2554; x_wconf 87' lang='lat' dir='ltr'>pulvisculo</span> <span class='ocrx_word' id='word_1_543' title='bbox 1247 2512 1467 2550; x_wconf 84' lang='lat' dir='ltr'>excuterem,</span> <span class='ocrx_word' id='word_1_544' title='bbox 1501 2507 1622 2552; x_wconf 90' lang='lat' dir='ltr'>priore</span> 
     </span>
     <span class='ocr_line' id='line_1_104' title="bbox 908 2552 1620 2596; baseline -0.001 -8"><span class='ocrx_word' id='word_1_545' title='bbox 908 2565 1001 2588; x_wconf 86' lang='lat' dir='ltr'>anno</span> <span class='ocrx_word' id='word_1_546' title='bbox 1035 2565 1119 2587; x_wconf 90' lang='lat' dir='ltr'>usus</span> <span class='ocrx_word' id='word_1_547' title='bbox 1152 2565 1231 2587; x_wconf 91' lang='lat' dir='ltr'>sum</span> <span class='ocrx_word' id='word_1_548' title='bbox 1262 2564 1283 2587; x_wconf 88' lang='grc' dir='ltr'>ο</span> <span class='ocrx_word' id='word_1_549' title='bbox 1313 2563 1374 2587; x_wconf 88' lang='lat' dir='ltr'>era</span> <span class='ocrx_word' id='word_1_550' title='bbox 1412 2552 1620 2596; x_wconf 85' lang='lat' dir='ltr'>auxilioque</span> 
     </span>
     <span class='ocr_line' id='line_1_105' title="bbox 910 2565 1624 2642; baseline -0.001 -9"><span class='ocrx_word' id='word_1_551' title='bbox 910 2598 1108 2633; x_wconf 87' lang='lat' dir='ltr'>doctissimi</span> <span class='ocrx_word' id='word_1_552' title='bbox 1132 2598 1198 2632; x_wconf 87' lang='lat' dir='ltr'>viri</span> <span class='ocrx_word' id='word_1_553' title='bbox 1219 2597 1257 2632; x_wconf 85' lang='lat' dir='ltr'>C.</span> <span class='ocrx_word' id='word_1_554' title='bbox 1277 2565 1434 2640; x_wconf 63' lang='lat' dir='ltr'>Bilthei,</span> <span class='ocrx_word' id='word_1_555' title='bbox 1460 2598 1521 2642; x_wconf 88' lang='lat' dir='ltr'>qui</span> <span class='ocrx_word' id='word_1_556' title='bbox 1545 2602 1624 2632; x_wconf 89' lang='lat' dir='ltr'>tum</span> 
     </span>
     <span class='ocr_line' id='line_1_106' title="bbox 910 2643 1623 2687; baseline -0.003 -9"><span class='ocrx_word' id='word_1_557' title='bbox 910 2645 1046 2678; x_wconf 77' lang='lat' dir='ltr'>Romae</span> <span class='ocrx_word' id='word_1_558' title='bbox 1061 2643 1360 2678; x_wconf 86' lang='lat' dir='ltr'>commorabatur.</span> <span class='ocrx_word' id='word_1_559' title='bbox 1383 2643 1420 2676; x_wconf 87' lang='lat' dir='ltr'>Is</span> <span class='ocrx_word' id='word_1_560' title='bbox 1434 2643 1623 2687; x_wconf 88' lang='lat' dir='ltr'>permultis</span> 
     </span>
     <span class='ocr_line' id='line_1_107' title="bbox 910 2688 1623 2733; baseline -0.003 -10"><span class='ocrx_word' id='word_1_561' title='bbox 910 2689 999 2724; x_wconf 89' lang='lat' dir='ltr'>locis</span> <span class='ocrx_word' id='word_1_562' title='bbox 1021 2689 1059 2722; x_wconf 91' lang='lat' dir='ltr'>in</span> <span class='ocrx_word' id='word_1_563' title='bbox 1082 2688 1212 2733; x_wconf 85' lang='lat' dir='ltr'>quibus</span> <span class='ocrx_word' id='word_1_564' title='bbox 1240 2688 1399 2723; x_wconf 89' lang='lat' dir='ltr'>incertus</span> <span class='ocrx_word' id='word_1_565' title='bbox 1423 2688 1623 2731; x_wconf 85' lang='lat' dir='ltr'>haererem,</span> 
     </span>
     <span class='ocr_line' id='line_1_108' title="bbox 913 2733 1627 2779; baseline -0.003 -10"><span class='ocrx_word' id='word_1_566' title='bbox 913 2746 993 2769; x_wconf 91' lang='lat' dir='ltr'>cum</span> <span class='ocrx_word' id='word_1_567' title='bbox 1000 2733 1268 2779; x_wconf 78' lang='lat' dir='ltr'>VVesselingius</span> <span class='ocrx_word' id='word_1_568' title='bbox 1281 2733 1480 2778; x_wconf 86' lang='lat' dir='ltr'>scripturae</span> <span class='ocrx_word' id='word_1_569' title='bbox 1489 2733 1627 2767; x_wconf 86' lang='lat' dir='ltr'>discre-</span> 
     </span>
    </p>
   </div>
   <div class='ocr_carea' id='block_1_10' title="bbox 889 910 893 1710">
    <p class='ocr_par' dir='ltr' id='par_1_13' title="bbox 889 910 893 1710">
     <span class='ocr_line' id='line_1_109' title="bbox 889 910 893 1710; baseline 0 0"><span class='ocrx_word' id='word_1_570' title='bbox 889 910 893 1710; x_wconf 95' lang='lat' dir='ltr'> </span> 
     </span>
    </p>
   </div>
  </div>
 </body>
</html>
