1794 3282
226 1558 275 1582 153

230 2029 259 2053 15

263 2030 277 2052 4

295 253 380 296 300
678 257 992 293 ΗΡΟΔΟΤΟΥ
1022 258 1064 291 Δ.
1092 257 1283 293 152-154.

293 333 451 385 Σαμίη,
478 333 553 384 τῆς
571 328 804 384 ναύκληρος
823 319 871 383 ἧν
884 327 1095 378 Κωλαῖος,
1123 326 1335 369 πλώουσα
1355 325 1659 383 ἐπἈῖγύπτου

296 396 542 452 ἀπηνείχθη
569 394 612 446 ἐς
636 393 710 451 τὴν
733 396 931 437 Πλατέαν
954 393 1132 449 ταύτην·
1158 393 1409 448 πυθόμενοι
1435 395 1481 437 6&
1507 394 1549 437 οἱ
1572 395 1662 438 Σά-

292 479 389 519 μιοι
414 461 536 519 παρὰ
559 466 635 504 τοῦ
661 466 889 518 Κορωβίου
915 460 990 504 τὸν
1016 461 1161 504 πάντα
1185 460 1324 516 λόγον,
1359 465 1479 504 σιτία
1509 461 1552 504 οἱ
1577 461 1658 505 ἐνι-

296 534 427 573 αυτοῦ
454 531 783 572 καταλείπουσι.
845 526 971 572 αὗτοὶ
997 529 1042 570 δὲ
1068 526 1329 581 ἀναχθέντες
1360 527 1404 570 ἐκ
1428 533 1504 584 τῆς
1527 530 1659 585 νήσου

294 599 366 640 καὶ
383 597 628 653 γλιχόμενοι
640 596 869 653 Αἰγύπτου
891 595 1060 639 ἔπλωον
1081 593 1411 653 ἀποφερόμενοι
1431 593 1660 653 ἀπηλιώτῃ

295 663 458 721 ἀνέμῳ·
496 666 569 707 καὶ
601 663 649 707 οὗ
681 663 762 722 γὰρ
800 662 910 707 ἀνίει
941 663 990 706 τὸ
1023 667 1210 718 πνεῦμα,
1245 661 1473 719 Ἡρακλέας
1503 663 1663 719 στήλας

297 733 654 790 διεκπερήσαντες
674 729 882 775 ἀπίκοντο
897 731 939 782 ἐς
958 732 1221 788 Ταρτησσόνς
1238 735 1341 788 θείῃ
1362 735 1520 787 πομπῇ
1539 731 1663 786 χρεό-

295 817 431 855 μενοι.
490 799 540 843 τὸ
573 801 619 843 δὲ
651 799 864 855 ἐμπόριον
899 803 1028 842 τοῦτο
1064 793 1114 855 ἦν
1152 796 1364 856 ἀκήρατον
1399 803 1553 842 τοῦτον
1588 797 1663 841 τὸν

293 868 464 924 χρόνον,
505 864 617 911 ὥστε
649 867 1027 924 ἀπονοστήσαντες
1059 860 1182 909 οὗτοι
1214 864 1359 909 ὀπίσω
1396 865 1579 922 μέγιστα
1611 865 1662 922 δὴ

292 934 497 988 Ἑλλήνων
522 935 697 978 πάντων
721 939 807 978 τῶν
838 932 962 991 ἡμεῖς
993 933 1212 991 ἀτρέκειαν
1238 934 1360 988 ἰ’δμεν
1393 933 1436 976 ἐκ
1469 938 1663 991 φορτίων

299 1002 545 1059 ἐκέρδησαν,
579 1003 689 1057 μετά
720 1019 767 1059 γε
797 1003 1056 1058 Σώστρατον
1086 1000 1160 1044 τὸν
1190 1002 1508 1055 Λαοδάμαντος
1538 1001 1665 1057 Αἰγι-

297 1070 442 1127 νήτην·
478 1071 618 1126 τούτῳ
650 1069 732 1127 γὰρ
765 1067 841 1112 οὐκ
873 1068 946 1112 οἷά
976 1073 1023 1111 τέ
1055 1068 1145 1112 ἐστι
1172 1068 1314 1124 ἐρίσαι
1340 1066 1480 1111 ἄλλον.
1544 1069 1585 1111 οἱ
1617 1069 1664 1111 δὲ

297 1138 460 1192 Σάμιοι
483 1136 557 1194 τὴν
584 1138 761 1193 δεκάτην
785 1142 870 1179 τῶν
897 1136 1152 1192 ἐπικερδίων
1178 1135 1391 1188 ἐξελόντες
1412 1137 1458 1188 ἓξ
1473 1136 1664 1179 τάλαντα

300 1205 562 1261 ἐποιήσαντο
585 1205 787 1261 χαλκήιον
812 1208 1019 1260 κρητῆρος
1039 1201 1281 1260 Ἀργολικοῦ
1313 1204 1497 1258 τρόπον·
1536 1202 1667 1258 πέριξ

300 1274 347 1316 6&
372 1271 504 1315 αὗτοῦ
529 1277 706 1329 γρυπῶν
730 1273 917 1330 κεφαλαὶ
935 1271 1207 1327 πρόκροσσοί
1227 1271 1332 1314 εἶσι·
1358 1273 1429 1313 καὶ
1450 1269 1666 1325 ἀνέθηκαν

301 1341 343 1391 ἐς
367 1339 416 1382 τὸ
438 1339 620 1395 Ἡραῖον,
648 1338 976 1396 ὑποστήσαντες
1002 1336 1118 1394 αύτῷ
1143 1347 1260 1394 τρεῖς
1282 1339 1488 1390 χαλκέους
1512 1339 1666 1379 κολοσ-

300 1407 403 1458 σοὺς
435 1406 730 1462 ἑπταπήχεας,
768 1415 885 1449 τοῖσι
915 1405 1095 1460 γούνασι
1127 1405 1464 1461 ἐρηρεισμένους.
1525 1411 1667 1460 Κυρη-

300 1480 463 1518 ναίοισι
484 1475 529 1516 6&
549 1476 618 1516 καὶ
637 1478 862 1531 Θηραίοισι
885 1473 927 1524 ἐς
945 1477 1138 1526 Σαμίους
1157 1471 1245 1515 ἀπὸ
1267 1473 1421 1515 τούτου
1442 1476 1519 1514 τοῦ
1541 1472 1665 1527 ἔργου

300 1547 455 1599 πρῶτα
470 1543 616 1598 φιλίαι
629 1542 814 1597 μεγάλαι
830 1541 1166 1597 συνεκρήθησαν.
1202 1540 1243 1582 οἱ
1265 1541 1310 1583 6&
1330 1546 1508 1595 Θηραῖοι
1524 1538 1668 1582 ἐπείτε

300 1610 373 1654 τὸν
393 1610 620 1664 Κορώβιον
645 1609 846 1659 λιπόντες
867 1608 908 1651 ἐν
928 1612 979 1664 τῇ
999 1608 1113 1664 νήσῳ
1131 1605 1340 1651 ἀπίκοντο
1363 1607 1405 1658 ἐς
1422 1606 1495 1663 τὴν
1517 1607 1665 1663 Θήρην,

301 1677 568 1733 ἀπήγγελλον
583 1673 641 1727 ὥς
662 1693 742 1733 σφι
757 1677 820 1731 εἴη
842 1679 969 1731 νῆσος
990 1674 1063 1718 ἐπὶ
1077 1676 1219 1732 Λιβύῃ
1243 1675 1477 1731 ἐκτισμένη.
1512 1679 1669 1732 Θηραί-

302 1762 392 1789 οισι
424 1746 471 1787 6&
503 1744 601 1787 ἕαδε
634 1742 846 1801 ἀδελφεόν
877 1759 923 1785 τε
955 1740 1035 1785 ἀπ’
1060 1741 1277 1798 ἀδελφεοῦ
1310 1747 1501 1797 πέμπειν
1538 1743 1668 1799 πάλῳ

301 1813 563 1869 λαγχάνοντα
593 1814 664 1854 καὶ
696 1810 785 1854 ἀπὸ
817 1815 902 1854 τιῦν
935 1811 1088 1865 χώρων
1126 1808 1330 1853 ἁπάντων
1362 1809 1474 1854 ἑπτὰ
1513 1809 1668 1853 ἐόντων

303 1879 473 1935 ἄνδρας,
503 1877 612 1923 εἶναι
634 1880 680 1921 δέ
707 1895 852 1935 σφεων
872 1880 941 1920 καὶ
968 1876 1156 1934 ἡγεμόνα
1181 1881 1253 1921 καὶ
1277 1881 1462 1932 βασιλέα
1486 1878 1668 1921 Βάττον-

304 1945 415 1991 οῧτω
444 1947 493 2003 δη
522 1948 748 1989 στέλλουσι
774 1946 852 1988 δύο
877 1950 1237 2002 πεντηκοντέρους
1263 1945 1306 1996 ἐς
1329 1945 1404 2001 τὴν
1428 1948 1638 1988 Πλατέαν.

394 2018 535 2056 Ταῦτα
561 2014 607 2055 δὲ
635 2019 814 2069 Θηραῖοι
839 2012 1031 2067 λέγουσι,
1058 2012 1112 2054 τὰ
1140 2011 1179 2054 6³
1197 2013 1410 2055 ἐπίλοιπα
1434 2017 1511 2055 τοῦ
1537 2014 1666 2068 λόγου

304 2085 597 2137 συμφέρονται
624 2078 702 2136 ἤδη
725 2085 905 2134 Θηραῖοι
924 2083 1221 2134 Κυρηναίοισι.
1258 2086 1496 2136 Κυρηναῖοι
1514 2078 1594 2135 γὰρ
1614 2079 1669 2122 τὰ

301 2151 404 2206 περὶ
439 2147 608 2190 Βάττον
645 2144 847 2201 οὐδαμῶς
885 2144 1169 2201 ὁμολογέουσι
1208 2151 1456 2204 Θηραίοισι·
1495 2149 1669 2203 λέγουσι

301 2216 381 2272 γὰρ
415 2213 542 2259 οὕτω,
598 2214 691 2257 ἔστι
720 2218 796 2270 τῆς
826 2214 995 2270 Κρήτης
1021 2211 1138 2265 Ξίξὸς
1170 2214 1317 2265 πόλις,
1352 2213 1393 2256 ἐν
1424 2219 1475 2271 τῇ
1504 2214 1667 2270 ἐγένετο

298 2282 519 2338 Ἐτέαρχος
542 2282 766 2337 βασιλεύς,
799 2280 848 2331 ὃς
881 2280 954 2323 ἐπὶ
980 2284 1170 2336 θυγατρὶ
1202 2278 1388 2337 ἀμήτορι
1418 2286 1470 2339 τῇ
1503 2280 1668 2337 οὕνομα

302 2346 349 2407 ἧν
379 2355 580 2407 Φρονίμη,
609 2348 683 2392 ἐπὶ
707 2348 839 2404 ταύτῃ
867 2347 993 2404 ε’γηλιιε
1020 2345 1149 2403 ἀλλην
1173 2357 1364 2403 γυναῖκα.
1413 2347 1437 2405 ἡ
1466 2350 1512 2392 6&
1537 2349 1668 2393 ἐπεσ-

303 2422 497 2462 ελθοῦσα
523 2416 714 2460 ἐδικαίου
741 2413 852 2458 εἶναι
876 2417 948 2457 καὶ
973 2419 1034 2471 τῷ
1063 2414 1172 2472 ἔργῳ
1192 2415 1375 2473 μητρυιὴ
1395 2421 1448 2473 τῇ
1466 2421 1668 2474 Φρονίμῃ,

303 2485 554 2542 παρέχουσά
584 2501 631 2527 τε
660 2483 769 2526 κακὰ
801 2484 873 2525 καὶ
904 2487 992 2526 πᾶν
1026 2481 1093 2526 ἐπ’
1117 2481 1225 2540 αὐτῇ
1255 2483 1567 2540 μηχανεομένη·
1598 2486 1671 2527 καὶ

302 2556 424 2605 τέλος
450 2552 718 2608 μαχλοσύνην
745 2550 1001 2593 ἐπενείκασά
1028 2551 1070 2593 οἱ
1094 2555 1250 2594 πείθει
1274 2550 1348 2594 τὸν
1374 2548 1510 2608 ἄνδρα
1533 2555 1672 2594 ταῦτα

304 2622 412 2675 ἔχειν
445 2617 573 2664 οὕτω.
629 2617 651 2662 ὁ
686 2619 733 2661 6&
765 2616 1063 2674 ἀναγνωσθεὶς
1092 2616 1181 2662 ὕπὸ
1213 2623 1289 2674 τῆς
1319 2617 1518 2674 γυναικὸς
1549 2619 1670 2674 ἔργον

305 2688 381 2732 οὐκ
407 2685 528 2732 ὅσιον
554 2687 793 2744 ἐμηχανᾶτο
820 2685 895 2728 ἐπὶ
919 2690 969 2743 τῇ
995 2689 1196 2742 θυγατρί.
1234 2679 1284 2742 ἦν
1301 2685 1382 2743 γὰρ
1403 2685 1453 2742 δὴ
1476 2689 1671 2740 Θεμίσων

305 2755 408 2811 ἀνὴρ
444 2761 628 2812 Θηραῖος
664 2754 856 2810 ἔμπορος
893 2753 934 2796 ἐν
970 2757 1021 2810 τῇ
1048 2752 1171 2810 ᾏξῷ·
1208 2757 1360 2796 τοῦτον
1398 2751 1420 2797 ὅ
1449 2752 1671 2810 Ἐτέαρχος
