1794 3282
215 335 264 360 100

217 803 265 829 101

223 1678 270 1703 102

226 2147 274 2172 103

290 244 372 285 282
660 248 976 283 ΗΡΟΔΟΤΟΥ
1005 247 1047 281 Δ.
1072 247 1260 282 100-103.

288 320 337 364 τὸ
371 318 409 363 δ’
429 317 517 361 ἀπὸ
550 322 625 373 τῆς
654 321 860 373 Ταυρικῆς
889 314 968 371 ἤδη
995 315 1168 359 Σκύθαι
1197 314 1247 358 τὸ
1279 316 1527 369 κατύπερθε
1559 317 1642 356 τῶν

292 388 465 443 Ταύρων
491 386 561 427 καὶ
585 383 639 427 τὰ
665 383 776 440 πρὸς
802 384 1031 439 θαλάσσης
1062 387 1136 438 τῆς
1162 380 1283 438 ἠοίης
1313 382 1530 436 νέμονται,
1569 385 1646 424 τοῦ

287 471 333 496 τε
364 453 599 509 Βοσπόρου
632 456 708 494 τοῦ
741 454 981 507 Κιμμερίου
1019 449 1074 492 τὰ
1109 449 1220 506 πρὸς
1257 449 1441 506 ἑσπέρης
1470 452 1541 492 καὶ
1570 453 1646 505 τῆς

289 523 438 577 λίμνης
463 524 537 575 τῆς
561 513 801 575 Μαιήτιδος
825 522 949 574 μέχρι
978 517 1186 568 Τανάϊδος
1211 521 1428 570 ποταμοῦ,
1462 517 1509 568 ὃς
1535 516 1646 560 ἐκδι-

289 589 361 631 δοῖ
379 587 420 638 ἒς
433 586 564 642 μυχὸν
578 591 652 642 τῆς
671 588 818 642 λίμνης
837 586 1005 640 ταύτης.
1037 583 1115 641 ἤδη
1139 578 1195 627 ῶν
1215 582 1304 627 άπὸ
1324 580 1572 639 μὲνἼστρου
1592 583 1646 627 τὰ

288 656 540 712 κατύπερθε
567 653 608 704 ἒς
632 652 705 710 τὴν
729 654 965 708 μεσόγαιαν
986 656 1172 709 φέροντα
1192 650 1474 707 ἀποκληίεται
1493 649 1517 707 ἡ
1538 659 1647 694 Σκυ-

290 722 393 778 θικὴ
421 720 508 765 ὑπὸ
536 721 721 777 πρώτων
741 718 1032 776 Ἀγαθύρσων,
1059 718 1168 774 μετὰ
1195 719 1241 762 δὲ
1265 723 1453 775 Νευρῶν,
1482 718 1648 762 ἔπειτεν

293 791 338 833 δὲ
365 788 674 845 Ἀνδροφάγων,
708 790 963 831 τελευταίων
994 788 1040 830 δὲ
1071 788 1411 843 Μελαγχλαίνων.
1467 786 1560 830 ἔστι
1591 780 1648 828 ῶν

289 862 364 913 τῆς
394 860 611 913 Σκυθικῆς
649 854 707 906 ῶς
745 854 897 912 ἐούσης
931 855 1217 912 τετραγώνου,
1255 858 1340 898 τῶν
1379 854 1456 896 δύο
1486 857 1649 909 μερέων

290 925 556 981 κατηκόντων
583 923 625 974 ἐς
651 924 893 974 θάλασσαν,
922 923 1060 979 πάντῃ
1087 923 1181 966 ἰ’σον
1206 922 1255 965 τό
1281 938 1326 964 τε
1354 920 1395 972 ἒς
1419 920 1494 978 τὴν
1517 922 1649 976 μεσό-

291 1009 417 1048 γαιαν
443 996 574 1049 φέρον
599 993 669 1034 καὶ
694 990 742 1034 τὸ
765 990 885 1045 παρὰ
903 990 978 1046 τὴν
996 990 1242 1033 θάλασσαν.
1281 988 1371 1032 άπὸ
1391 988 1471 1045 γὰρ
1484 987 1646 1045 Ἴστρου

293 1060 367 1102 ἐπὶ
391 1063 669 1115 Βορυσθένεα
695 1058 796 1100 δέκα
822 1056 1009 1113 ἡμερέων
1036 1056 1149 1108 ὁδός,
1178 1054 1267 1099 ἀπὸ
1288 1055 1589 1113 Βορυσθένεός
1612 1054 1645 1098 τ’

294 1127 367 1169 ἐπὶ
398 1127 471 1183 την
503 1129 649 1181 λίμνην
685 1124 758 1181 την
789 1129 974 1181 Μαιῆτιν
1006 1124 1182 1180 ἑτερέων
1215 1124 1333 1166 δέκα·
1373 1125 1444 1166 καὶ
1474 1122 1522 1167 τὸ
1557 1121 1646 1166 άπὸ

293 1194 524 1249 θαλάσσης
543 1193 585 1244 ἐς
603 1193 840 1248 μεσόγαιαν
860 1191 902 1242 ἒς
921 1191 1021 1243 τοὺς
1035 1192 1381 1246 Μελαγχλαίνους
1401 1189 1503 1240 τοὺς
1521 1193 1649 1233 κατύ-

294 1265 435 1316 περθε
466 1264 672 1304 Σκυθέων
705 1259 953 1314 οἰκημένους
984 1260 1121 1302 εἴκοσι
1152 1257 1341 1315 ἡμερέων
1376 1256 1491 1309 ὁδός.
1544 1255 1570 1314 ἡ
1605 1258 1650 1300 δὲ

296 1326 396 1379 ὁδὸς
422 1326 443 1384 ἡ
472 1326 678 1383 ἡμερησίη
712 1324 792 1368 ἀνα
823 1326 1023 1381 διηκόσια
1049 1326 1207 1368 στάδια
1237 1327 1530 1380 συμβέβληταί
1558 1339 1646 1378 μοι.

295 1392 407 1437 οἷ”τω
441 1393 490 1436 ἂν
521 1395 583 1450 ε’ίη
616 1398 690 1449 τῆς
714 1397 931 1449 Σκυθικῆς
960 1392 1014 1435 τὰ
1041 1392 1273 1448 ἐπικάρσια
1302 1393 1650 1449 τετρακισχιλίων

296 1463 481 1504 σταδίων
518 1463 587 1502 καὶ
623 1459 677 1502 τὰ
715 1458 851 1516 ὄρθια
892 1458 945 1501 τὰ
989 1459 1030 1510 ἐς
1072 1459 1145 1516 την
1181 1460 1418 1515 μεσόγαιαν
1462 1463 1650 1516 φέροντα

295 1528 449 1582 ἑτέρων
473 1528 690 1571 τοσούτων
717 1527 916 1570 σταδίων.
955 1524 977 1583 ἡ
1003 1530 1080 1580 μέν
1105 1544 1175 1569 νυν
1199 1531 1250 1583 γῆ
1278 1524 1382 1583 αὕτη
1411 1526 1501 1570 ἐστὶ
1520 1529 1651 1583 μέγα-

294 1600 379 1647 θος
403 1596 604 1650 τοσαύτη.

384 1663 432 1705 Οἱ
458 1663 502 1705 δὲ
523 1666 694 1705 Σκυθαι
721 1663 866 1712 δόντες
892 1666 1019 1719 σφίσι
1045 1663 1170 1717 λόγον
1197 1659 1255 1712 ῶς
1282 1660 1358 1704 οὐκ
1384 1660 1474 1705 οἶοί
1496 1665 1543 1704 τέ
1567 1661 1653 1705 εἰσι

294 1730 368 1774 τὸν
394 1735 578 1786 Δαρείου
607 1729 788 1787 στρατὸν
815 1730 1026 1785 ἰθυμαχίῃ
1055 1728 1307 1772 διώσασθαι
1327 1734 1491 1783 μοῦνοι,
1521 1729 1653 1784 ἔπεμ-

294 1814 378 1841 πον
411 1797 452 1849 ἔς
483 1796 582 1848 τοὺς
613 1798 944 1853 πλησιοχώρους
977 1795 1199 1852 ἀγγέλους·
1236 1801 1321 1839 τῶν
1355 1798 1401 1840 δὲ
1431 1799 1503 1840 καὶ
1535 1796 1584 1853 δὴ
1611 1797 1653 1839 οἳ

294 1867 494 1919 βασιλέες
526 1866 806 1915 συνελθόντες
838 1863 1114 1918 ἐβουλεύοντο
1153 1862 1211 1915 ῶς
1249 1869 1433 1921 στρατοῦ
1472 1864 1654 1908 ἐπελαύ-

296 1948 442 1983 νοντος
466 1933 667 1987 μεγάλου.
707 1926 811 1987 ἦσαν
827 1932 871 1974 δὲ
893 1931 934 1974 οἳ
955 1933 1235 1982 συνελθόντες
1259 1933 1457 1986 βασιλέες
1481 1932 1653 1986 Ταύρων

296 2001 366 2040 καὶ
388 1997 665 2053 Ἀγαθύρσων
690 2000 761 2040 καὶ
785 2002 960 2054 Νευρῶν
985 2000 1055 2040 καὶ
1076 1997 1372 2055 Ἀνδροφάγων
1397 2001 1467 2041 καὶ
1487 2001 1654 2054 Μελαγ-

295 2068 476 2118 χλαίνων
513 2068 583 2107 καὶ
619 2067 821 2108 Γελωνῶν
857 2067 928 2107 καὶ
964 2066 1182 2108 Βουδίνων
1219 2068 1288 2108 καὶ
1325 2069 1652 2121 Σαυροματέων.

298 2134 460 2175 τούτων
496 2136 652 2187 Ταῦροι
683 2133 758 2186 μὲν
789 2133 961 2186 νόμοισι
992 2134 1202 2175 τοιοισίδε
1227 2137 1434 2187 χρέονται.
1489 2134 1654 2177 θύουσι

298 2201 372 2253 μὲν
398 2204 448 2256 τῇ
480 2203 688 2256 παρθένῳ
721 2201 822 2250 τούς
851 2216 897 2242 τε
927 2200 1135 2255 ναυηγοὺς
1166 2203 1237 2242 καὶ
1268 2200 1369 2251 τοὺς
1402 2199 1453 2243 ἂν
1484 2202 1653 2254 λάβωσι

293 2266 496 2322 Ἑλλήνων
523 2265 925 2320 ἀπενειχθέντας
950 2269 1100 2322 τρόπῳ
1133 2268 1308 2323 τοιῷδε·
1341 2269 1655 2323 καταρξάμενοι

298 2335 478 2391 ῥοπάλῳ
506 2338 689 2377 παίουσι
713 2333 786 2391 τὴν
811 2335 1011 2391 κεφαλήν.
1063 2335 1104 2377 οἱ
1134 2336 1210 2388 μὲν
1237 2335 1287 2392 δη
1315 2338 1487 2391 λέγουσι
1520 2334 1580 2387 ῶς
1603 2335 1653 2379 τὸ

298 2406 425 2456 σῶμα
451 2399 540 2445 ἀπὸ
566 2406 642 2444 τοῦ
668 2406 852 2458 κρημνοῦ
880 2400 1076 2445 ὠθέουσι
1101 2403 1216 2445 κάτω
1243 2403 1335 2455 (ἐπὶ
1358 2403 1439 2459 γὰρ
1467 2408 1653 2460 κρημνοῦ

297 2470 469 2525 ἵδρυται
499 2468 549 2512 τὸ
582 2469 707 2525 ἱρόν),
746 2469 819 2525 την
852 2470 897 2512 δὲ
927 2469 1114 2527 κεφαλὴν
1151 2469 1490 2527 ἀνασταυροῦσι·
1530 2471 1572 2514 οἱ
1609 2472 1655 2514 δὲ

297 2536 406 2580 κατὰ
429 2538 505 2590 μὲν
531 2535 604 2592 τὴν
629 2536 816 2593 κεφαλὴν
842 2535 1137 2593 ὁμολογέουσι,
1171 2537 1220 2581 τὸ
1247 2543 1394 2592 μέντοι
1425 2543 1553 2593 σῶμα
1579 2537 1653 2582 οὗκ

299 2602 531 2646 ὠθέεσθαι
557 2602 645 2647 ἀπὸ
672 2608 747 2647 τοῦ
768 2609 952 2660 κρημνοῦ
972 2607 1144 2660 λέγουσι
1164 2604 1272 2648 ἀλλὰ
1292 2610 1342 2663 γῇ
1362 2607 1650 2662 κρύπτεσθαι.

297 2671 369 2727 τὴν
395 2672 440 2713 δὲ
467 2671 650 2725 δαίμονα
674 2672 830 2728 ταύτην
860 2676 912 2728 τῇ
944 2673 1108 2716 θύουσι
1138 2672 1310 2728 λέγουσι
1341 2672 1463 2717 αὐτοὶ
1494 2678 1652 2731 Ταῦροι

294 2736 541 2795 Ἰφιγένειαν
566 2738 640 2795 την
661 2737 966 2795 Άγαμέμνονος
992 2737 1113 2783 εἶναι.
1158 2742 1394 2792 πολεμίους
1420 2742 1465 2784 δὲ
1491 2740 1652 2796 ἄνδρας
