1794 3282
107 360 139 384 c.
159 343 285 394 11,10.

107 615 137 638 c.
159 596 227 646 14,
254 606 284 635 2.

106 716 137 739 c.
159 680 223 748 15:
255 708 286 738 3.

105 826 223 899 (ΓΙ-δί
257 859 286 888 2.

105 967 137 990 c.
159 949 224 999 19,
256 959 287 987 4.

104 1018 136 1041 c.
155 999 286 1050 2211.

105 1068 138 1090 c.
159 1049 226 1100 23,
257 1060 290 1089 4.

279 1590 285 1596 .
313 1562 389 1596 οἶοί
402 1576 441 1596 τε
458 1562 573 1597 MPF.

256 1624 286 1647 ·.
313 1617 408 1647 τοῖσι
431 1611 708 1658 πλησιοχώροισι
726 1614 912 1650 Sehaefer.
951 1615 1014 1650 Li-

621 225 731 252 ADNO
737 226 858 253 TATIO
885 226 1057 253 CRITICA·

359 299 517 331 Scripturae
531 300 614 326 huius
629 302 765 333 exempli.

315 347 386 392 πρὸ
430 347 566 382 πολλοῦ
607 349 761 393 δεόμενα
794 349 1018 385 κινδυνεύειν

335 398 451 432 MPF.
487 398 642 444 Scripsi:
662 400 754 445 πρὸς
772 400 929 438 πολλοὺς
943 401 1018 436 δεόι

334 448 629 484 ἀνακινδυνεύειν
646 450 705 493 (cf.
722 451 855 486 Philol.
874 452 912 486 X
927 453 1017 496 710).

336 500 427 545 πρὸς
454 500 609 536 πολλοὺς
634 500 811 546 δεόμενον
833 502 1018 538 κινδυνεύ-

337 565 390 584 ειν
409 549 481 586 SV.

312 601 464 644 ποιήσας
482 601 597 635 MPF.

279 679 286 686 .
313 653 436 696 εἴρηκα
453 651 612 695 MPKF3
639 653 703 687 alii
720 655 868 698 εἴρηται.

318 701 529 745 διηκοσίοισι
553 703 667 737 MPF.

336 757 455 787 σιόισι.

724 703 847 749 Vulgo
875 719 1018 750 τριηκο-

281 831 287 837 .
314 803 517 837 Ἀπόλλωνι
534 803 649 837 MPF.

312 853 512 898 ἂνθρωποι
539 853 641 897 libri3
671 852 745 887 ἅνω
772 855 1016 899 Valckenaer7

334 903 408 937 ἅνω
428 904 522 937 ἰόντι
539 903 690 938 Herold.

315 950 404 996 αὕτη
420 956 474 1000 γῆ.
506 953 630 988 Libri:
650 951 748 997 αὕτη.

313 1007 374 1037 καὶ
392 1005 520 1047 ἐπιβάς
539 1004 648 1039 SVT.
689 1005 838 1051 Reliqui
855 1017 924 1040 om.
945 1010 1014 1040 καί.

313 1057 436 1100 χῶρον
453 1054 562 1090 SVT.
598 1055 763 1101 Reliqui:
781 1057 907 1101 χώρης.

279 1132 285 1139 .
309 1104 547 1152 Ἀργιππαῖοι
563 1106 679 1140 MPF.

279 1184 285 1190 .
312 1159 352 1189 ἐν
380 1155 502 1203 ἄλλῃσι
527 1157 662 1204 χώρῃσι
686 1157 722 1193 S.
778 1158 944 1202 Reliqui:
977 1162 1016 1192 ἐν

332 1206 467 1241 ἄλλοισι
481 1212 655 1252 χωρίοισι.

278 1285 284 1292 .
312 1257 360 1294 ὠς
376 1262 481 1304 τέρας
500 1259 715 1303 θωμάζεται
737 1259 810 1295 SA.
849 1259 1015 1305 Reliqui:

332 1307 380 1345 ιὸς
396 1313 500 1355 τέρας
517 1310 727 1352 νενόμισται
740 1311 993 1354 θωμάζεσθαι.

276 1387 282 1393 .
310 1358 454 1402 ἡμίονοι
469 1358 508 1393 δὲ
517 1359 602 1394 οὐδὲ
610 1360 887 1404 ὄνοιᾶνέχονται
895 1362 1014 1408 vulgo.

332 1410 422 1444 MP:
445 1409 503 1453 ἡμ.
529 1411 568 1444 δὲ
585 1410 670 1445 οὐδὲ
689 1410 768 1446 ὄνοι
787 1411 851 1446 οὐκ
870 1412 1018 1456 ἀνέχον-

331 1476 402 1503 ται,
419 1465 518 1496 reete
535 1465 576 1496 ut
587 1462 741 1497 Videtur.
767 1462 968 1507 Ἑεὴμιόνοι
977 1463 1017 1498 δὲ

336 1511 413 1546 ὄνοι
428 1512 493 1546 οὐκ
507 1512 708 1555 ἀνέχονται.

610 1564 669 1598 οἷά
687 1578 726 1598 τε
745 1563 853 1599 SVT.

332 1663 406 1698 bri:
424 1665 508 1701 τοὺς
527 1664 806 1710 πλησιοχώρους.

277 1741 284 1749 .
310 1714 454 1748 MPFK
463 1717 619 1757 ἐχούσας.
639 1716 824 1751 Eldikius:
842 1716 1015 1761 έρὸούσας

334 1765 394 1809 (cf.
413 1765 546 1799 Philol.
566 1766 603 1800 X
621 1767 713 1812 710).

278 1843 285 1850 .
312 1817 431 1859 θήκην
448 1818 514 1858 τήν
530 1817 625 1851 libri.

276 1894 283 1901 .
310 1866 424 1913 λέγων
436 1866 538 1910 libri3
557 1867 707 1914 λέγοντα
717 1868 1012 1914 Schweighaeus.

277 1944 284 1951 .
311 1921 446 1964 Πέρσαι
462 1917 556 1951 libri.

278 2052 285 2059 .
312 2025 411 2070 παρὰ
429 2046 474 2050 -
490 2025 641 2069 τελευτᾷ
656 2026 752 2061 libri.

281 2102 287 2110 .
319 2075 443 2122 λόγιον
460 2076 612 2111 MPFK.

281 2153 288 2160 .
317 2126 543 2172 οὕνομανείο.

280 2210 286 2217 .
314 2184 383 2218 εἰσί
401 2182 443 2218 δέ
456 2184 552 2219 libri.

279 2267 285 2273 .
310 2243 378 2284 μὲν
396 2240 433 2274 οἱ
448 2240 550 2285 libri3
564 2241 713 2287 μεγάλοι
730 2241 895 2277 Koenius
912 2241 972 2285 (Cf.
983 2253 1014 2276 Ο.

335 2291 404 2335 49).
451 2292 569 2333 μόνοι,
601 2293 700 2336 quod
724 2293 881 2328 dialecto
909 2304 1015 2339 repu-

338 2345 440 2394 gnat,
458 2342 704 2378 Valckenaer.

284 2424 291 2431 .
320 2399 436 2434 ἰόντες
454 2398 607 2433 MPKF.

284 2481 290 2487 .
319 2452 444 2490 δεινῶς
460 2455 576 2499 MPF,
597 2457 706 2493 αἱνιῦς
725 2455 832 2492 SVT.

284 2537 291 2544 .
320 2514 512 2557 παρέχεται
529 2511 624 2545 libri.

260 2571 288 2601 “.
316 2567 462 2611 ΛῙητρὸς
479 2567 633 2601 MPKF.

288 2651 294 2658 .
323 2623 562 2667 οὗνομάζεται
580 2623 732 2658 MPKF.

286 2707 293 2715 .
320 2683 397 2714 τῶν
409 2680 565 2724 ἀρχηίων
582 2680 667 2715 libri
725 2680 889 2716 Conieci:
911 2684 949 2715 ἐν
965 2684 1018 2725 τῷ

345 2730 492 2778 ἅρχηίῳ.

1471 226 1567 255 XLV

1123 303 1249 334 exempli
1263 302 1501 329 Weidmanniani.

1056 350 1127 397 πρὸ
1149 350 1289 385 σποδοῦ
1309 351 1371 396 (ῬῬ)
1388 351 1563 395 δεόμενον

1101 401 1336 436 κινδυνεύειν.

1054 607 1158 641 εἴπας
1176 604 1248 640 ST.

1053 658 1187 699 εἴρηκα.

1054 705 1273 747 διηκοσίοισι.

1051 805 1279 841 Ἀπόλλωνος
1298 805 1406 840 STA.

1052 954 1152 998 αὕτη.

1051 1108 1281 1155 Ὀργεμπαῖοι
1300 1107 1408 1144 SVT.

1053 1162 1093 1192 ἐν
1109 1158 1245 1194 ἄλλοισι
1259 1163 1433 1205 χωρίοισι.

1053 1258 1102 1297 ὠς
1118 1264 1223 1305 τέρας
1240 1261 1449 1305 νενόμισται
1462 1261 1564 1294 θωυ-

1098 1312 1289 1355 μάζεσθαι.

1052 1564 1130 1599 οἶοί
1144 1579 1192 1598 τε.

1050 1615 1136 1651 τοὺς
1154 1615 1433 1660 πλησιοχώρους.

1052 1718 1216 1753 θυούσας
1234 1716 1342 1753 SVA.

1050 1819 1169 1861 θήκην
1184 1821 1244 1862 τῆς
1259 1818 1419 1853 Bekker.

1051 1869 1213 1917 [λέγων]

1050 1920 1089 1955 H
1098 1934 1118 1954 σ
1127 1924 1165 1963 ίη
1174 1935 1194 1954 ν
1218 1924 1352 1966 Πέρσαι
1379 1919 1564 1966 Schweig-

1098 1972 1264 2005 haeuser.

1052 2026 1171 2072 [παρὰ
1188 2048 1232 2052 -
1249 2028 1425 2071 τελευτᾷ]

1052 2078 1204 2123 λόγιμον
1222 2077 1367 2113 SVTA.

1053 2128 1265 2173 οὐνομανέω
1285 2156 1307 2164 ..
1319 2155 1343 2164 ..

1053 2186 1121 2220 εἰσὶ
1139 2184 1192 2229 δή.

1051 2242 1161 2286 μόνοι
1179 2241 1268 2285 (Sic).

1053 2400 1196 2446 ῥέοντες
1215 2386 1323 2434 STA-

1055 2515 1249 2557 παρέχεται
1266 2516 1336 2546 καί.

1053 2569 1238 2613 Δήμητρος
1256 2567 1365 2604 SVA.

1055 2623 1320 2668 οὐνομάζονται
1338 2625 1484 2661 SVTA.

1055 2683 1130 2715 τῶν
1146 2680 1311 2726 ἀρχηίων.
1354 2695 1357 2699 ·
