1794 3282
515 221 831 257 ΗΡΟΔΟΤΟΥ
861 223 904 257 Α.
931 222 1079 258 72-74.
1433 214 1482 256 3]

118 290 166 346 ἐξ
183 290 400 349 Ἀρμενίου
431 288 582 346 οὔρεος
609 290 681 333 διὰ
707 293 907 344 Κιλίκων,
935 291 1046 346 μετὰ
1072 293 1118 335 δὲ
1143 291 1389 348 Ματιηνοὺς
1413 292 1488 346 μὲν

117 359 160 403 ἐν
187 359 306 416 δεξιῇ
334 358 421 412 ἔχει
447 360 566 416 ῥέων,
602 357 646 401 ἐκ
678 359 724 402 δὲ
754 364 833 403 τοῦ
867 359 1014 417 ἑτέρου
1046 361 1235 416 Φρύγας·
1271 377 1491 416 παραμει-

115 427 302 481 βόμενος
334 427 381 469 δὲ
411 427 595 478 τούτους
626 429 697 470 καὶ
730 428 838 484 ῥέων
878 426 965 471 ἄνω
1004 428 1117 485 πρὸς
1147 431 1301 485 βορέην
1333 427 1489 482 ἄνεμον

118 494 244 537 ἔνθεν
268 495 345 548 μὲν
370 498 556 552 Συρίους
583 494 930 552 [Καππαδόκας]
961 494 1160 552 άπέργει,
1197 496 1243 548 ἐξ
1266 494 1488 550 εὐωνύμου

120 562 166 605 δὲ
184 562 494 619 Παφλαγόνας.
535 560 648 606 οὕτω
676 561 698 605 5
715 561 833 615 Ἅλυς
853 563 1053 618 ποταμὸς
1073 562 1318 618 ἀποτάμνει
1338 563 1489 617 σχεδὸν

117 630 266 672 πάντα
285 634 361 687 τῆς
371 629 511 688 Ἀσίης
531 630 585 674 τὰ
605 631 722 674 κάτω
746 631 789 674 ἐκ
811 633 1042 688 θαλάσσης
1060 636 1135 688 τῆς
1150 631 1294 675 ἀντίον
1307 632 1488 686 Κύπρου

122 697 164 749 ἒς
189 696 263 741 τὸν
288 697 493 750 Εὔξεινον
519 699 694 742 πόντον.
753 699 844 742 ἔστι
871 700 917 742 δὲ
943 698 1073 755 αι”χὴν
1100 694 1226 750 οὗτος
1250 704 1325 755 τῆς
1346 700 1490 756 χώρης

120 766 279 823 ταύτης
306 764 501 822 ἁπάσης·
534 771 668 822 μῆκος
694 765 799 809 ὁδοῦ
827 765 996 823 εὐζώνῳ
1025 766 1148 822 ἀνδρὶ
1174 771 1302 809 πέντε
1333 765 1490 823 ἡμέραι

122 832 469 888 ἀναισιμοῦνται.
520 833 801 891 ἐστρατεύετο
830 834 875 876 δὲ
902 832 923 876 5
950 841 1140 888 Κροῖσος
1167 833 1240 876 ἐπὶ
1265 833 1341 889 τὴν
1362 841 1486 877 Καπ-

121 902 334 958 παδοκίην
364 902 499 944 τιῦνδε
531 901 684 943 εἵνεκεν
741 903 814 943 καὶ
844 905 920 956 γῆς
953 901 1100 957 ἱμέρῳ,
1118 901 1489 958 προσκτήσασθαι

120 969 232 1024 πρὸς
268 968 343 1025 τὴν
381 968 545 1011 ἑωυτοῦ
580 977 738 1025 μοῖραν
773 969 1058 1022 βουλόμενος,
1097 971 1169 1011 καὶ
1199 968 1392 1022 μάλιστα
1427 973 1488 1025 τῷ

115 1041 361 1093 χρηστηρίῳ
377 1040 560 1087 πίσυνος
582 1035 662 1078 ἒιὺν
682 1037 753 1078 καὶ
774 1040 991 1079 τίσασθαι
1008 1035 1172 1079 ἐθέλων
1192 1034 1303 1092 ὑπὲρ
1313 1035 1490 1080 Ἀστυά-

117 1121 214 1161 γεος
234 1109 389 1160 Κῦρον.
424 1102 658 1159 Ἀστυάγεα
683 1103 763 1159 γὰρ
783 1102 857 1147 τὸν
878 1105 1129 1159 Κυαξάρεω,
1159 1103 1284 1147 ἐόντα
1298 1108 1488 1161 Κροίσου

117 1173 193 1226 μὲν
212 1171 405 1228 γαμβρὸν
418 1172 580 1228 Μήδιον
602 1172 648 1214 δὲ
667 1173 864 1226 βασιλέα,
893 1176 1034 1226 Κῦρος
1055 1170 1077 1215 5
1093 1173 1337 1227 Καμβύσεω
1358 1189 1489 1215 κατα-

119 1240 419 1296 στρεψάμενος
446 1238 543 1293 εἶχε,
571 1240 797 1296 γενόμενον
822 1239 1016 1296 γαμβρὸν
1037 1245 1211 1297 Κροίσῳ
1240 1234 1340 1283 ὦδε.
1380 1248 1490 1283 Σκυ-

116 1311 236 1350 θέων
260 1312 347 1350 τῶν
373 1308 575 1362 νομάδων
595 1308 663 1364 ἰ’λη
693 1306 862 1362 άνδριῦν
891 1309 1170 1351 στασιάσασα
1196 1307 1419 1365 ὑπεξῆλθε
1446 1308 1489 1359 ἒς

115 1380 190 1433 γῆν
215 1375 290 1432 τὴν
310 1376 526 1433 Μηδικήν·
554 1375 801 1433 ἐτυράννευε
829 1377 874 1418 δὲ
894 1375 967 1419 τὸν
983 1377 1136 1433 χρόνον
1156 1381 1309 1419 τοῦτον
1329 1376 1488 1433 Μήδων

115 1444 345 1501 Κυαξάρης
372 1441 394 1486 5
421 1444 651 1501 Φραόρτεω
673 1449 747 1487 τοῦ
770 1445 978 1500 Δηιόκεω,
1009 1444 1057 1496 ὃς
1075 1444 1175 1495 τοὺς
1190 1445 1369 1496 Σκύθας
1389 1445 1489 1487 τού-

115 1529 218 1563 τους
242 1511 291 1555 τὸ
319 1512 396 1566 μὲν
421 1516 598 1567 πρῶτον
623 1521 828 1569 περιεῖπε
855 1506 900 1554 εὖ
927 1510 986 1563 (ὃς
1013 1512 1162 1563 ἐόντας
1191 1513 1340 1563 ἱκέτας,
1371 1509 1483 1555 ὥστε

118 1580 164 1622 δὲ
185 1581 288 1635 περὶ
308 1580 475 1622 πολλοῦ
496 1581 753 1634 ποιεύμενος
774 1578 943 1631 αὐτούς,
972 1581 1139 1631 παῖδάς
1160 1597 1240 1637 σφι
1262 1581 1488 1637 παρέδωκε

116 1647 192 1704 τὴν
211 1647 413 1703 γλῶσσάν
426 1663 472 1689 τε
488 1646 698 1701 ἐκμαθεῖν
710 1650 782 1690 καὶ
795 1648 870 1705 τὴν
884 1651 1029 1705 τέχνην
1043 1653 1129 1691 τιῦν
1142 1649 1293 1700 τόξων.
1328 1649 1485 1703 χρόνου

119 1714 157 1759 δ’
179 1715 451 1772 ἐγγενομένου
468 1717 536 1757 καὶ
555 1715 641 1758 αιέὶ
663 1716 927 1772 φοιτεόντων
942 1721 1028 1759 τιῦν
1042 1720 1250 1759 Σκυθέων
1271 1715 1337 1759 ἐπ’
1357 1714 1488 1773 ἄγρην

117 1786 188 1827 καὶ
227 1784 317 1826 αἰεί
346 1800 389 1825 τι
423 1783 664 1840 φερόντων,
704 1787 777 1825 καί
811 1800 909 1826 κοτε
947 1784 1164 1840 συνήνεικε
1202 1783 1312 1826 ἑλεῖν
1350 1787 1489 1840 σφέας

116 1852 269 1908 μηδέν·
296 1852 589 1906 νοστήσαντας
616 1852 662 1893 δὲ
688 1849 846 1902 αὖτοὺς
871 1856 1035 1908 κεινῇσι
1059 1854 1180 1908 χερσὶ
1212 1849 1234 1894 5
1260 1852 1489 1909 Κυαξάρης

118 1914 183 1976 (ἧν
202 1920 295 1976 γάρ,
325 1917 384 1970 ιῦς
405 1920 579 1971 διέδεξε,
610 1916 737 1976 ὀργὴν
752 1916 897 1977 ἄκρος)
911 1923 1098 1976 τρηχέως
1118 1920 1256 1977 κάρτα
1275 1923 1489 1977 περιέσπε

120 1985 294 2044 ἀεικείῃ.
358 1987 400 2030 οἱ
431 1988 478 2030 δὲ
508 1991 646 2030 ταῦτα
678 1986 790 2042 πρὸς
820 1988 1057 2043 Κυαξάρεω
1091 1988 1332 2039 παθόντες,
1375 1984 1489 2030 ὥστε

121 2053 276 2108 ἀνάξια
291 2059 437 2112 σφέων
452 2053 593 2098 αὗτιῦν
607 2056 899 2107 πεπονθότες,
929 2055 1241 2111 ἐβουλεύσαντο
1261 2060 1347 2099 τιῦν
1367 2055 1489 2112 παρὰ

121 2128 248 2181 σφίσι
276 2124 595 2178 διδασκομένων
620 2124 793 2167 παίδων
814 2123 886 2167 ἕνα
906 2124 1172 2180 κατακόψαι,
1202 2123 1489 2174 σκευάσαντες

122 2193 168 2235 δὲ
194 2189 324 2235 αὐτὸν
351 2189 500 2247 ὥσπερ
528 2191 728 2235 ἐώθεσαν
754 2194 825 2234 καὶ
849 2191 904 2235 τὰ
936 2196 1075 2249 θηρία
1108 2192 1339 2244 σκευάζειν,
1373 2199 1491 2234 Κυα-

123 2261 244 2316 ξάρεϊ
275 2261 426 2304 δοῦναι
458 2263 663 2317 φέροντες
695 2258 753 2311 ὡς
786 2258 917 2317 ἄγρην
957 2261 1110 2317 δῆθεν,
1151 2260 1297 2310 δόντες
1335 2260 1381 2302 δὲ
1415 2259 1490 2316 τὴν

121 2333 323 2384 ταχίστην
360 2329 624 2382 κομίζεσθαι
661 2326 1009 2385 παρ’ᾍλυάττην
1044 2327 1119 2371 τὸν
1150 2327 1409 2371 Σαδυάττεω
1448 2327 1491 2378 ἐς

123 2396 298 2451 Σάρδις.
357 2400 494 2438 ταῦτα
524 2398 597 2438 καὶ
635 2395 817 2451 ἐγένετο·
855 2398 927 2438 καὶ
963 2395 1043 2451 γὰρ
1075 2396 1304 2452 Κυαξάρης
1339 2396 1411 2437 καὶ
1449 2395 1491 2437 οἱ

125 2464 362 2520 παρεόντες
388 2463 643 2517 δαιτυμόνες
668 2468 753 2505 τῶν
778 2468 912 2518 κρεῶν
942 2464 1106 2506 τούτων
1138 2463 1379 2514 ἐπάσαντο,
1418 2464 1491 2505 καὶ

127 2532 169 2575 οἱ
193 2532 365 2575 Σκύθαι
395 2535 532 2573 ταῦτα
564 2531 824 2587 ποιήσαντες
845 2529 1081 2573 mudum
1116 2531 1251 2573 ἱκέται
1285 2530 1489 2586 ἐγένοντο.

125 2599 234 2654 μετὰ
261 2600 307 2641 δὲ
330 2603 478 2651 ταῦτα,
507 2597 554 2642 οὖ
581 2597 661 2655 γὰρ
683 2597 732 2654 δὴ
758 2596 1021 2654 ὁᾍλυάττης
1044 2598 1235 2650 ἐξεδίδου
1261 2597 1490 2658 τοὺςΣκύ-

126 2672 215 2719 θας
229 2667 462 2720 ἐξαιτέοντι
476 2668 706 2721 Κυαξάρεϊ,
735 2667 929 2720 πόλεμος
949 2675 1064 2709 τοῖσι
1078 2667 1265 2710 Λυδοῖσι
1285 2667 1356 2708 καὶ
1374 2674 1492 2709 τοῖσι

126 2736 317 2793 Μήδοισι
345 2735 532 2792 ἐγεγόνεε
560 2733 625 2778 ἐπ’
644 2734 740 2777 ἔτεα
759 2738 899 2787 πέντε,
930 2734 971 2777 ἐν
990 2743 1105 2778 τοῖσι
1126 2726 1336 2785 πολλάκις
1354 2734 1430 2788 μὲν
1451 2733 1493 2777 οἱ

1514 847 1548 871 73

1515 2611 1549 2636 74
