1794 3282
510 242 826 278 ΗΡΟΔΟΤΟΥ
855 242 894 276 Γ.
919 242 975 276 21.
1001 241 1056 276 22.
1387 232 1470 273 185

102 311 356 369 Καμβύσης,
394 312 658 366 βοιλόιιενος
695 314 823 369 φίλος
859 327 929 354 τοι
965 313 1036 353 καὶ
1074 312 1210 363 ξεῖνος
1245 309 1465 366 γειέ,σθαι

102 379 237 437 ἡμέας
267 395 314 422 τε
347 377 588 434 ἀπέπεμψε
621 379 664 430 ἒς
694 379 849 435 λόγους
879 395 948 422 τοι
980 378 1126 421 ἐλθεῖν
1163 379 1357 429 κελεύων,
1398 380 1470 420 καὶ

104 449 224 505 δῶρα
258 447 396 490 ταῦτά
432 464 502 490 τοι
539 447 658 490 διδοῖ
686 455 803 490 τοῖσι
833 448 905 489 καὶ
936 444 1067 497 αυτὸς
1097 447 1288 501 μάλιστα
1321 443 1470 502 ἣδεται

99 513 369 572 χρεόμενος.υ
433 513 455 559 ὅ
489 516 535 558 δὲ
564 515 746 570 Αἰθίοψ
775 513 935 569 μαθών
968 511 1036 557 ὅτι
1067 515 1284 557 κατόπται
1313 512 1468 570 ἥκοιεν,

103 585 217 639 λέγει
248 583 360 639 πρὸς
393 582 549 633 αὖτοὺς
586 583 749 626 τοιάδε.
806 579 938 625 ’ὀῧτε
977 580 998 625 ὃ
1031 586 1231 637 Περσέων
1266 580 1472 636 βασιλεὺς

105 652 226 707 δῶρα
262 649 396 705 ὗμέας
434 651 607 706 ἔπεμψε
644 649 856 707 φέροντας
886 654 1134 706 προτιμέων
1171 651 1335 693 πολλοῦ
1373 648 1471 704 ἐμοὶ

105 721 241 798 ξεῖνος
277 722 502 774 γενέσθαι,
543 715 642 761 οὔτε
673 716 795 772 ὑμεῖς
831 717 972 773 λέγετε
1010 716 1188 800 ἀληθέα
1218 714 1355 775 (ἥκετε
1390 716 1471 772 γὰρ

104 787 323 830 κατόπται
342 790 391 842 τῇ
396 803 416 837 ς
436 785 538 841 ἐμῆς
558 784 659 841 άρχι
646 787 716 838 ς),
746 783 844 828 ου’τε
866 784 1023 836 εκεῖνος
1044 784 1147 842 ἀνήρ
1170 801 1263 828 εστι
1284 786 1471 835 δίκαιος·

106 854 144 897 εἰ
167 855 247 911 γὰρ
274 856 321 910 ἠν
348 854 530 905 δίκαιος,
565 850 688 895 οὔθ’
670 870 720 895 αν
747 852 1001 909 ἐπεθύμησε
1025 853 1166 908 χώρης
1191 850 1362 932 ἄῒῇλλης
1348 850 1373 907 ι]
1398 856 1474 907 τῆς

107 921 290 973 ἑωυτοῦ,
331 918 422 963 οἵτ’
447 918 497 963 ἂν
529 937 572 971 ες
605 920 867 976 δουλοσύνην
899 918 1168 976 ἀνθρώπους
1204 921 1278 975 ἥγε
1310 917 1347 962 ὗ
1342 916 1388 962 τ’
1413 920 1472 961 ῶν

104 989 236 1045 μηδὲν
266 986 479 1045 ἠδίκηται.
539 992 610 1030 νῦν
643 988 689 1030 δὲ
720 985 837 1043 αὖτῶ
868 987 993 1039 τόξον
1017 987 1119 1030 τόδε
1152 987 1344 1038 διδόντες
1368 987 1474 1030 τάδε

106 1056 214 1099 ἔπεα
239 1057 392 1111 λέγετε.
430 1054 636 1110 βασιλεὺς
664 1053 687 1098 ὁ
708 1055 950 1098 Αιθιόπων
977 1054 1262 1109 συμβουλεύει
1281 1058 1342 1111 τῶ
1362 1062 1474 1110 Περ-

107 1123 215 1167 σέων
249 1125 439 1178 βασιλέῑ,
486 1122 618 1166 ἐπεὰν
661 1120 773 1165 οὕτω
813 1121 1029 1174 εὐπετέως
1072 1122 1229 1165 ἕλκωσι
1269 1121 1324 1165 τὰ
1367 1123 1474 1174 τόξα

106 1191 272 1247 Πέρσαι
298 1190 424 1234 ἐόντα
448 1192 638 1247 μεγάθεϊ
661 1195 871 1243 τοσαῦτα,
904 1191 1004 1234 τότε
1030 1188 1096 1234 ἐπ’
1118 1190 1351 1241 Αἰθίοπας
1372 1190 1476 1240 τοὺς

106 1263 369 1317 μακροβίους
393 1260 563 1316 πλήθεϊ
587 1258 964 1316 ὑπερβαλλόμενον
985 1258 1325 1315 στρατεύεσθαι·
1351 1257 1476 1313 μέχρι

109 1329 154 1371 δὲ
179 1328 334 1371 τούτου
361 1331 512 1370 θεοῖσι
537 1327 696 1370 εἰδέναι
717 1328 856 1383 χάριν,
886 1330 929 1369 οἳ
949 1324 1023 1369 οὗκ
1044 1326 1118 1370 ἐπὶ
1138 1326 1236 1369 νόον
1255 1326 1476 1383 τράπουσι

108 1397 346 1441 Αἷθίοπων
382 1397 514 1439 παισὶ
550 1400 625 1452 γῆν
662 1393 793 1451 άλλην
830 1399 1143 1452 προσκτασθαι
1174 1398 1224 1451 τῇ
1262 1391 1457 1436 ἑωυτῶν.

108 1469 245 1508 ταῦτα
272 1465 318 1507 δὲ
340 1464 468 1515 ε’ίπας
486 1465 557 1505 καὶ
578 1461 693 1515 ἀνεὶς
714 1462 764 1506 τὸ
784 1464 908 1515 τόξον
928 1463 1154 1518 παρέδωκε
1173 1470 1290 1505 τοῖσι
1311 1478 1411 1519 νκοι
1418 1478 1474 1504 σι
1501 1474 1532 1498 2·-

111 1531 254 1586 λαβὼν
281 1532 326 1574 δὲ
351 1530 399 1574 τὸ
428 1530 528 1586 εἷμα
546 1531 595 1574 τὸ
623 1531 872 1588 πορφύρεον
898 1530 1057 1588 εἰρώτα
1083 1527 1108 1573 ο’
1127 1547 1168 1573 τι
1189 1547 1253 1585 ειη
1273 1546 1345 1572 και
1366 1526 1477 1579 όκως

112 1603 418 1656 πεποιημένον.
458 1599 672 1642 εἷπάντων
694 1600 739 1642 δὲ
758 1603 842 1642 τῶν
852 1596 1150 1655 Ἰχθυοφάγων
1170 1597 1243 1653 τὴν
1264 1595 1477 1653 ἀλήθειαν

112 1670 213 1723 περὶ
251 1671 325 1723 τῆς
362 1684 592 1724 πορφιρης
628 1669 699 1709 καὶ
729 1685 777 1709 τι
763 1671 805 1723 Ῑς
834 1670 998 1724 βαφῆς,
1039 1664 1241 1723 δολεροις
1271 1666 1347 1719 μὲν
1378 1681 1478 1715 τοις

113 1733 382 1791 ἀνθρώποις
408 1735 489 1792 ἐφη
518 1733 639 1787 εἶναι,
669 1733 824 1790 δολερὰ
851 1735 897 1777 δὲ
923 1733 1063 1776 αι’·τῶν
1087 1732 1142 1776 τὰ
1169 1733 1338 1776 ειίιατα.
1384 1733 1480 1775 δεί-

112 1820 216 1858 τερα
248 1804 294 1846 δὲ
324 1802 397 1847 τὸν
425 1803 608 1860 χρύσεον
640 1802 799 1859 εἰρώτα
832 1801 1044 1858 στρεπτὸν
1074 1800 1148 1843 τὸν
1179 1804 1479 1856 περιαυχένιον

114 1873 185 1913 καὶ
226 1870 281 1914 τὰ
324 1870 477 1926 ψέλια·
522 1870 808 1927 ἐξηγεομένων
853 1870 898 1912 δὲ
940 1874 1025 1912 τῶν
1063 1867 1362 1926 Ἰχθυοφάγων
1406 1867 1480 1911 τὸν

114 1939 275 1993 κόσμον
313 1937 470 1989 αὐτῶν,
517 1939 704 1994 γελάσας
741 1936 763 1981 ὁ
802 1936 1008 1992 βασιλεὺς
1044 1938 1114 1979 καὶ
1152 1941 1334 1990 νομίσας
1370 1934 1481 1979 εἷναί

115 2023 230 2064 σφεα
260 2006 398 2057 πέδας
430 2004 526 2049 εἷπε
562 2004 620 2057 ῶς
651 2004 757 2063 παρ’
781 2005 986 2048 ἑωυτοῖσί
1022 2004 1107 2047 εἰσι
1145 2004 1481 2061 ῥωμαλεώτεραι

113 2075 277 2117 τούτων
301 2074 448 2117 πέδαι.
508 2078 634 2129 τρίτα
661 2074 706 2116 δὲ
732 2073 893 2129 εἰρώτα
923 2072 972 2116 τὸ
998 2072 1154 2128 μύρον·
1193 2072 1408 2115 εἷπάντων
1436 2073 1482 2114 δὲ

114 2147 188 2199 τῆς
214 2142 419 2198 ποιήσιος
444 2142 547 2199 πέρι
571 2143 642 2184 καὶ
669 2140 884 2198 ἀλείψιος,
913 2140 986 2184 τὸν
1013 2139 1144 2184 αὐτὸν
1170 2140 1297 2196 λόγον
1316 2139 1390 2183 τὸν
1410 2142 1483 2182 καὶ

116 2211 217 2267 περὶ
241 2214 317 2253 τοῦ
344 2210 521 2263 εἵματος
547 2208 656 2253 εἶπε.
719 2208 778 2261 ῶς
805 2211 850 2253 δὲ
883 2210 924 2261 ἐς
955 2208 1030 2252 τὸν
1057 2206 1171 2252 οἶνον
1203 2205 1384 2250 ἀπίκετο
1410 2209 1483 2249 καὶ

118 2277 312 2320 ἐπύθετο
335 2276 467 2320 αὐτοῦ
486 2277 559 2334 τὴν
579 2282 769 2330 ποίησιν,
798 2276 1068 2334 ὑπερησθεὶς
1092 2280 1152 2332 τῷ
1174 2276 1343 2329 πόματι
1364 2274 1484 2317 ἐπεί-

119 2361 216 2400 ρετο
239 2343 262 2387 ‘o'
282 2362 323 2387 τι
343 2361 389 2387 τε
409 2348 597 2388 σιτέεται
618 2342 639 2387 ὁ
660 2343 865 2399 βασιλεὺς
885 2346 954 2387 καὶ
972 2344 1125 2399 χρόνον
1145 2342 1300 2386 ὁκόσον
1319 2344 1484 2399 μακρό-

120 2429 247 2455 τατον
273 2410 377 2468 ἀνὴρ
404 2412 571 2468 Πέρσης
597 2413 710 2464 ζώει.
761 2412 802 2454 οἱ
829 2412 874 2454 δὲ
900 2411 1129 2455 σιτέεσθαι
1154 2412 1230 2465 μὲν
1256 2409 1328 2453 τὸν
1355 2407 1484 2465 ἄρτον

121 2479 260 2532 εἶπαν,
289 2479 596 2535 ἐξηγησάμενοι
620 2484 705 2522 τῶν
730 2483 880 2534 πυρῶν
905 2478 978 2534 τὴν
999 2479 1144 2535 φύσιν,
1174 2476 1419 2533 ὀγδώκοντα
1442 2476 1481 2520 δ’

122 2548 218 2591 ἔτεα
244 2547 343 2603 ζόης
369 2547 584 2604 πλήρωμα
610 2545 731 2602 ἀνδρὶ
756 2547 1026 2602 μακρότατον
1051 2549 1335 2602 προκέεσθαι.
1374 2544 1487 2600 πρὸς

121 2620 256 2659 ταῦτα
289 2613 516 2669 ὃΑἷθίοψ
548 2614 629 2671 ἔφη
665 2612 786 2657 οὖδὲν
817 2614 1039 2667 θωμάζειν
1071 2613 1109 2656 εἰ
1141 2613 1383 2667 σιτεόμενοι
1414 2614 1486 2656 κό-

123 2700 233 2738 προν
260 2683 356 2726 ἔτεα
383 2681 507 2738 ὀλίγα
534 2683 714 2735 ζώουσι·
742 2679 840 2727 οὐδὲ
865 2680 945 2737 γὰρ
973 2679 1023 2724 ἂν
1048 2685 1239 2725 τοσαῦτα
1265 2681 1486 2724 δύνασθαι

126 2749 248 2804 ζώειν
275 2755 430 2808 σφέας,
464 2750 502 2793 εἰ
527 2749 583 2807 μὴ
616 2754 676 2807 τῷ
708 2749 877 2804 πόματι
909 2747 1127 2806 ἀνέφερον,
1162 2749 1338 2808 φράζων
1369 2758 1487 2793 τοῖσι
