1794 3282
172 2381 222 2407 135

234 271 318 313 234
621 274 933 311 ΗΡΟΔΟΤΟΥ
962 274 1002 307 Γ.
1029 273 1105 307 134.
1135 273 1210 308 135.

235 349 426 402 ἰεύμενος
452 344 572 401 ὑγιέα
599 342 799 395 ἀπέδεξε,
828 342 1020 385 ἐνθαῦτα
1046 340 1095 397 δὴ
1125 342 1386 394 διδαχθεῖσα
1411 340 1497 385 ὑπὸ
1519 344 1594 384 τοῦ

234 413 509 470 Δημοκήδεος
545 410 568 467 ἡ
597 409 778 454 Ἄτοσσα
814 412 1059 466 προσέφερε
1098 408 1140 451 ἓν
1176 413 1226 465 τῇ
1264 414 1384 466 κοίτῃ
1422 413 1593 466 Δαρείῳ

234 482 359 536 λόγον
384 479 567 522 τοιόνδε.
600 471 668 521 “05
692 478 885 532 βασιλεῦ,
915 476 1019 530 ’έχων
1041 476 1218 530 δύναμιν
1237 477 1448 532 τοσαύτην
1468 477 1597 532 κάτη-

235 564 321 599 σαι,
350 545 448 590 οὕτε
473 564 516 589 τι
541 546 671 595 ἔθνος
695 544 1041 602 προσκτεόμενος
1068 541 1166 586 οὕτε
1193 544 1370 598 δύναμιν
1390 547 1594 601 Πέρσῃσι.

236 613 354 665 οἰκὸς
390 613 438 657 δέ
474 613 567 657 ἐστι
603 610 739 668 ἄνδρα
774 613 845 654 καὶ
888 614 982 654 νέον
1024 613 1096 653 καὶ
1129 611 1360 667 χρημάτων
1400 612 1597 666 μεγάλων

238 681 453 738 δεσπότην
479 684 722 738 φαίνεσθαί
751 697 794 722 τι
827 677 1202 733 ἀποδεικνύμενον,
1236 678 1306 721 ἵνα
1336 680 1408 721 καὶ
1432 681 1598 733 Πέρσαι

237 749 467 804 ἐκμάθωσι
492 746 561 792 ὅτι
585 745 659 791 ὑπ’
678 745 834 803 ἀνδρὸς
860 744 1075 801 ἄρχονται.
1126 744 1191 789 ἐπ’
1210 743 1439 803 ἀμφότερα
1466 745 1513 789 δέ
1530 762 1598 788 τοι

237 816 361 874 φέρει
385 820 523 859 ταῦτα
554 819 733 866 ποιέειν,
767 816 838 856 καὶ
869 814 940 856 ἵνα
967 818 1112 871 σφέων
1137 813 1303 870 Πέρσαι
1336 812 1598 856 ἐπίστωνται

238 882 373 941 ἄνδρα
398 881 509 927 εἶναι
532 882 607 927 τὸν
632 886 931 941 προεστεῶτα,
964 883 1033 924 καὶ
1060 881 1132 924 ἵνα
1156 885 1389 936 τρίβωνται
1420 882 1598 937 πολέμῳ

237 953 345 1007 μηδὲ
377 950 530 1007 σχολὴν
562 949 735 1007 ἄγοντες
767 949 1088 1004 ἐπιβουλεύωσί
1117 965 1198 991 τοι.
1265 953 1335 991 νῦν
1365 948 1444 1004 γὰρ
1478 946 1527 991 ἄν
1558 965 1601 991 τι

238 1021 310 1062 καὶ
341 1017 580 1071 ἀποδέξαιο
614 1017 746 1074 ἔργον,
782 1017 862 1068 ἕως
892 1020 986 1068 νέος
1018 1014 1079 1067 εἷς
1103 1014 1286 1072 ἡλικίην·
1325 1014 1598 1071 αὐξανομένῳ

238 1085 319 1143 γὰρ
350 1091 411 1143 τῷ
439 1087 610 1140 σώματι
643 1085 925 1137 συναύξονται
955 1086 1027 1126 καὶ
1059 1084 1103 1126 αἱ
1136 1083 1306 1141 φρένες,
1344 1084 1601 1139 γηράσκοντι

240 1155 287 1196 δὲ
312 1154 655 1212 συγγηράσκουσι
679 1154 751 1195 καὶ
778 1151 820 1202 ἐς
844 1150 897 1194 τὰ
930 1152 1163 1208 πρήγματα
1194 1151 1339 1193 πάντα
1370 1149 1601 1205 ἀπαμβλύ-

239 1219 424 1265 νονται.”
485 1219 510 1279 ἡ
541 1221 617 1276 μὲν
649 1219 698 1277 δὴ
731 1224 868 1262 ταῦτα
901 1218 945 1261 ἐκ
976 1220 1153 1274 διδαχῆς
1185 1218 1317 1273 ἔλεγε,
1359 1216 1380 1260 ὁ
1414 1216 1453 1261 δ’
1478 1216 1602 1271 ἀμεί-

238 1293 362 1344 βεται
387 1289 564 1331 τοισίδε.
609 1281 677 1329 “15
703 1288 845 1343 γύναι,
879 1287 1023 1329 πάντα
1056 1283 1225 1342 ὅσαπερ
1261 1284 1392 1336 αὗτὸς
1418 1285 1600 1328 ἐπινοέω

239 1357 440 1412 ποιήσειν
466 1356 655 1411 εἴρηκας·
694 1353 776 1409 ἒγιὺ
807 1353 887 1410 γὰρ
912 1354 1203 1408 βεβούλευμαι
1237 1353 1383 1404 ζεύξας
1413 1356 1602 1409 γέφυραν

242 1423 286 1467 ἐκ
309 1424 439 1481 τῆσδε
463 1427 539 1478 τῆς
563 1420 747 1479 ἠπείρου
775 1420 818 1471 ές
842 1419 918 1476 τὴν
944 1420 1088 1477 ἑτέρην
1119 1418 1301 1476 ἤπειρον
1327 1418 1401 1462 ἐπὶ
1425 1420 1603 1470 Σκύθας

241 1491 581 1548 στρατεύεσθαι·
607 1490 677 1531 καὶ
697 1492 835 1531 ταῦτα
857 1485 1002 1543 ὀλίγου
1020 1488 1175 1544 χρόνου
1192 1486 1314 1530 ἔσται
1332 1485 1600 1541 τελεόμενα.”

239 1560 353 1614 λέγει
372 1556 553 1600 Ἄτοσσα
577 1557 695 1599 τάδε.
741 1552 855 1611 Κ(ὅρα
880 1573 963 1607 νυν,
993 1554 1066 1597 ἐπὶ
1085 1555 1263 1605 Σκύθας
1287 1555 1363 1608 μὲν
1382 1553 1457 1610 τὴν
1483 1555 1605 1610 πριό-

239 1643 314 1682 την
341 1625 449 1668 ἰέναι
476 1624 621 1668 ἔασον·
649 1617 769 1666 οὗτοι
794 1622 888 1678 γάρ,
917 1621 1048 1665 ἐπεὰν
1075 1621 1124 1666 σὺ
1150 1623 1299 1679 βούλῃ,
1328 1622 1499 1665 ἔσονταί
1517 1635 1603 1665 τοι·

242 1692 292 1736 σὺ
321 1694 367 1735 δέ
390 1709 467 1747 μοι
493 1693 567 1735 ἐπὶ
591 1690 664 1748 τὴν
685 1689 866 1734 Ἑλλάδα
892 1690 1228 1747 στρατεύεσθαι.
1269 1689 1499 1744 ἐπιθυμέω
1524 1688 1604 1746 γὰρ

241 1761 355 1817 λόγῳ
382 1763 687 1815 πυνθανομένη
708 1762 929 1808 Λακαίνας
946 1761 994 1800 τέ
1011 1775 1088 1812 μοι
1106 1757 1312 1814 γενέσθαι
1332 1761 1606 1812 θεραπαίνας

242 1830 313 1871 καὶ
334 1827 522 1884 Ἀργείας
546 1829 617 1870 καὶ
638 1825 827 1877 Άττικὰς
851 1827 922 1868 καὶ
947 1830 1203 1883 Κορινθίας.
1265 1825 1374 1879 ἔχεις
1401 1826 1446 1868 δὲ
1473 1823 1607 1881 ἄνδρα

245 1896 592 1953 ἐπιτηδειότατον
617 1892 782 1950 ἀνδρῶν
807 1894 981 1936 πάντων
1013 1893 1133 1945 δέξαι
1162 1910 1208 1936 τε
1235 1893 1393 1936 ἕκαστα
1424 1896 1498 1949 τῆς
1518 1890 1607 1936 Ἑλ-

244 1964 376 2013 λάδος
405 1965 477 2004 καὶ
508 1962 842 2017 κατηγήσασθαι
872 1965 1023 2003 τοῦτον
1055 1958 1103 2010 ὅς
1134 1977 1207 2003 σευ
1239 1960 1313 2003 τὸν
1344 1961 1463 2003 πόδα
1495 1959 1607 2015 ἐξιή-

246 2027 393 2073 σατο.”
457 2027 683 2083 ἀμείβεται
721 2036 905 2084 Δαρεῖος
935 2023 1003 2069 ε(ὦ
1039 2028 1181 2083 γύναι,
1227 2027 1323 2070 ἐπεὶ
1358 2031 1500 2070 τοίνυν
1538 2043 1606 2069 τοι

246 2097 384 2139 δοκέει
408 2100 483 2152 τῆς
503 2094 703 2146 Ἑλλάδος
728 2094 863 2151 ἡμέας
888 2099 1043 2151 πρῶτα
1075 2093 1435 2151 ἀποπειρᾶσθαι,
1476 2111 1607 2137 κατα-

247 2164 439 2214 σκόπους
462 2180 538 2217 μοι
565 2164 703 2205 δοκέει
728 2166 928 2219 Περσέων
953 2166 1128 2220 πρῶτον
1161 2160 1336 2216 ἄμεινον
1362 2160 1471 2205 εἶναι
1498 2159 1606 2216 ὁμοῦ

245 2232 385 2287 τούτῳ
410 2235 471 2287 τῷ
499 2230 549 2273 σὺ
577 2232 714 2285 λέγεις
739 2233 918 2285 πέμψαι
945 2229 987 2281 ἒς
1013 2228 1186 2281 αύτούς,
1221 2232 1263 2272 οἳ
1292 2230 1512 2284 μαθόντες
1536 2231 1608 2271 καὶ

247 2300 411 2350 ἰδόντες
448 2298 605 2341 ἕκαστα
643 2296 784 2340 αὐτῶν
823 2296 1120 2353 ἐξαγγελέουσι
1161 2295 1277 2353 ἡμῖν·
1325 2299 1397 2340 καὶ
1441 2297 1608 2340 ἔπειτεν

248 2366 581 2421 έξεπιστάλιιενος
601 2363 837 2416 ἒπάύτοὺς
854 2363 1115 2421 τρέψομαι.”
1155 2369 1290 2407 ταῦτα
1311 2363 1407 2408 εἷπε
1427 2367 1496 2407 καὶ
1519 2361 1609 2419 ἅμα

247 2436 352 2486 ’έπος
375 2451 420 2478 τε
446 2435 517 2476 καὶ
543 2432 662 2490 ἔργον
689 2432 847 2476 ἐποίεε.
886 2432 1028 2476 ἐπείτε
1047 2431 1127 2489 γὰρ
1146 2432 1330 2486 τάχιστα
1353 2430 1485 2490 ἡμέρη
1509 2433 1609 2477 έπέ-

246 2506 413 2558 λαμψε,
445 2503 629 2552 καλέσας
653 2504 853 2556 Περσέων
880 2498 1038 2556 ἄνδρας
1070 2501 1274 2555 δοκίμους
1304 2502 1609 2544 πεντεκαίδεκα

249 2569 485 2613 ἐνετέλλετό
508 2585 588 2625 σφι
610 2568 848 2622 ἑπομένους
868 2568 1114 2624 Δημοκήδεϊ
1134 2569 1373 2620 διεξελθεῖν
1392 2567 1446 2610 τὰ
1465 2586 1609 2626 παρα-

248 2638 476 2681 θαλάσσια
505 2641 581 2692 τῆς
600 2634 818 2687 Ἑλλάδος,
860 2632 970 2687 ὅκως
999 2652 1045 2678 τε
1075 2635 1132 2692 μὴ
1168 2636 1448 2693 διαδρήσεταί
1472 2653 1609 2693 σφεας

251 2704 273 2748 ὃ
301 2705 567 2762 Δημοκήδης,
597 2701 705 2746 ἀλλά
730 2721 803 2757 μιν
829 2703 1004 2754 πάντως
1031 2701 1175 2746 ὀπίσω
1203 2701 1438 2756 ἀπάξουσι.
1478 2703 1608 2746 ἔντει-

250 2773 431 2827 λάμενος
458 2773 503 2815 δὲ
527 2772 718 2815 τούτοισι
740 2775 888 2823 ταῦτα,
918 2771 1096 2828 δεύτερα
1114 2770 1296 2822 καλέσας
1317 2769 1444 2813 αὐτὸν
1465 2778 1609 2827 Δημο-
