1794 3282
539 237 852 273 HPO'AOTOY
883 238 922 272 Γ.
947 237 1093 272 83-85,
1412 224 1495 267 215

125 309 287 352 ἐθέλω·
327 306 402 350 ἐπὶ
433 306 573 363 τούτῳ
609 308 653 349 δὲ
686 305 979 360 ὑπεξίσταμαι
1011 311 1085 362 τῆς
1117 303 1264 362 ἀρχῆς,
1300 297 1418 359 ἐπίῖῗ)
1450 321 1497 346 τε

124 374 197 419 ὑπ’
217 373 390 425 οὐδενὸς
414 372 556 429 ὑμέων
583 373 790 430 ἄρξομαι,
831 372 931 417 οὔτε
959 373 1090 424 αι’·τὸς
1117 371 1198 429 ἐγὼ
1227 369 1326 415 οὔτε
1353 372 1395 414 οἱ
1420 369 1494 414 άπ>

125 442 226 498 ἐμεῦ
259 442 346 485 αἰεὶ
375 440 633 498 γινόμενοι.”
696 443 852 485 τούτου
886 442 1090 492 ε’ίπαντος
1120 444 1258 483 ταῦτα
1290 438 1349 491 (ὗς
1375 455 1496 483 συνε-

123 509 285 567 χώρεον
312 509 354 552 οἱ
379 511 426 562 ἐξ
449 509 524 553 ἐπὶ
549 511 762 561 τούτοισι,
798 504 925 560 οὗτος
949 511 1026 564 μὲν
1053 509 1103 566 δή
1133 525 1213 566 σφι
1240 505 1315 551 οὐκ
1342 507 1500 564 ἐνηγω-

128 577 264 629 νίζετο
292 575 380 620 ἆλλ)
399 577 443 620 ἐκ
467 582 544 620 τοῦ
569 581 703 632 μέσου
730 582 931 634 κατῆστο.
987 579 1059 619 καὶ
1089 580 1162 619 νῦν
1194 573 1300 632 αἶῖτη
1333 574 1357 632 ἡ
1387 576 1498 632 οἰκίη

130 645 341 688 διατελέει
375 645 510 702 μούνη
551 644 758 702 ἐλευθέρη
792 644 925 688 ἐοῦσα
955 648 1174 700 Περσέων,
1213 645 1285 685 καὶ
1322 640 1499 698 ἄρχεται

128 716 323 755 τοσαῦτα
349 710 432 756 ὅσα
458 711 563 769 αὕτη
592 713 748 763 ἐθέλει,
776 713 936 767 νόμους
957 711 1033 755 οὐκ
1054 710 1380 767 ὑπερβαίνουσα
1398 710 1500 761 τους

130 779 345 836 Περσέων.
385 780 427 823 οἱ
454 781 499 823 δὲ
524 782 675 823 λοιποὶ
701 785 787 822 τῶν
808 779 920 822 ἑπτὰ
941 780 1218 835 ἐβουλεύοντο
1240 777 1298 829 ὥς
1316 777 1501 832 βασιλέα
1525 791 1558 816 84

132 848 389 890 δικαιότατα
415 848 667 904 στήσονται·
693 851 766 890 καί
792 864 873 904 σφι
899 847 1019 899 ἔδοξε
1034 845 1176 902 Ὀτάνῃ
1197 847 1274 899 μὲν
1292 847 1364 888 καὶ
1383 855 1501 888 τοῖσι

131 912 206 957 ἀπ’
231 913 404 958 Ὀτάνεω
433 915 521 958 αἰεὶ
544 919 827 970 γινομένοισι,
856 912 906 970 ἢν
933 914 974 965 ἐς
1001 912 1129 956 ἄλλον
1154 912 1250 955 τινὰ
1276 916 1362 954 τῶν
1388 911 1500 954 ἑπτὰ

130 982 239 1039 ἔλθῃ
266 980 290 1038 ἡ
315 983 539 1038 βασιληίη,
575 981 773 1039 ἐξαίρετα
799 982 1010 1023 δίδοσθαι
1038 979 1207 1036 ἐσθῆτά
1238 996 1284 1022 τε
1310 978 1501 1036 Μηδικὴν

129 1049 247 1100 ἔτεος
273 1048 454 1092 ἑκάστου
480 1051 551 1091 καὶ
570 1048 645 1105 τὴν
664 1053 813 1092 πᾶσαν
834 1047 996 1105 δωρεὴν
1016 1048 1039 1104 η
1061 1051 1224 1103 γίνεται
1244 1046 1286 1089 ἐν
1307 1050 1501 1103 Πέρσῃσι

127 1117 383 1173 τιμιωτάτη.
443 1117 571 1159 τοῦδε
603 1117 649 1159 δὲ
681 1116 836 1159 εἵνεκεν
868 1115 1182 1171 ἐβουλεύσαντο
1216 1114 1258 1157 οἱ
1290 1115 1502 1157 δίδοσθαι

126 1189 276 1237 ταῦτα,
306 1181 374 1227 ὅτι
401 1183 631 1239 ἐβούλευσέ
648 1201 694 1227 τε
715 1189 891 1242 πρῶτος
908 1182 958 1227 τὸ
980 1187 1158 1241 πρῆγμα
1176 1185 1248 1224 καὶ
1269 1185 1501 1238 συνέστησε

128 1250 299 1303 αὐτούς.
360 1256 500 1295 ταῦτα
529 1253 606 1306 μὲν
644 1251 694 1309 δὴ
723 1250 866 1310 Ὀτάνῃ
901 1252 1117 1308 ἐξαίρετα,
1156 1251 1261 1293 τάδε
1294 1251 1340 1293 δὲ
1373 1249 1415 1301 ἐς
1450 1249 1499 1292 τὸ

125 1319 269 1364 κοινὸν
301 1318 583 1375 ἐβούλευσαν,
617 1324 823 1377 παριέναι
855 1320 898 1371 ἐς
928 1319 984 1363 τὰ
1013 1319 1223 1375 βασιλήια
1254 1318 1398 1360 πάντα
1428 1316 1502 1360 τὸν

125 1388 389 1443 βουλόμενον
426 1393 512 1431 τῶν
546 1387 658 1431 ἑπτὰ
696 1385 796 1431 ἄνευ
829 1387 1098 1444 ἐσαγγελέος,
1138 1384 1187 1443 ἢν
1222 1385 1280 1442 μὴ
1317 1386 1500 1441 τυγχάνῃ

127 1453 265 1498 εὕδων
283 1455 394 1510 μετὰ
412 1454 611 1511 γυναικὸς
629 1455 846 1511 βασιλεύς,
867 1459 1041 1511 γαμέειν
1064 1455 1109 1497 δὲ
1128 1452 1185 1510 μὴ
1202 1453 1359 1507 ἐξεῖναι
1374 1451 1502 1496 ἄλλο·

128 1528 209 1566 θεν
234 1528 295 1580 τῷ
320 1523 496 1579 βασιλέϊ
523 1521 546 1580 ἢ
574 1523 617 1566 ἐκ
642 1527 728 1566 τιῦν
754 1523 1182 1579 συνεπαναστάντων.
1232 1524 1335 1578 περὶ
1362 1522 1408 1564 δὲ
1427 1525 1502 1577 τῆς

126 1593 358 1647 βασιληίης
384 1590 696 1646 ἐβουλεύσαντο
728 1591 916 1634 τοιόνδε·
955 1587 1052 1633 ὅτευ
1086 1587 1137 1632 ἂν
1164 1587 1186 1632 ὃ
1212 1589 1354 1640 ἵππος
1378 1586 1501 1644 ἡλίου

130 1658 497 1709 ἐπανατέλλοντος
539 1663 716 1714 πρῶτος
761 1657 1009 1715 φθέγξηται
1051 1657 1093 1700 ἐν
1139 1662 1201 1713 τῷ
1250 1660 1501 1712 προαστείῳ

131 1725 273 1770 αὐτῶν
300 1725 637 1783 ἐπιβεβηκότων,
665 1731 820 1769 τοῦτον
846 1726 955 1779 ἔχειν
979 1725 1054 1783 τὴν
1078 1727 1320 1781 βασιληίην.

216 1798 388 1851 Δαρείῳ
418 1795 464 1837 δὲ
489 1788 537 1850 ἧν
566 1794 816 1848 ἱπποκόμος
842 1791 946 1851 ἀνὴρ
974 1793 1131 1850 σοφός,
1164 1797 1226 1849 τῴ
1259 1790 1424 1846 οὕνομα
1453 1786 1503 1847 ἦν
1529 1803 1560 1829 85

134 1861 336 1918 Οἰβάρης.
397 1861 511 1919 πρὸς
545 1866 699 1906 τοῦτον
734 1860 809 1905 τὸν
846 1859 999 1918 ἄνδρα,
1040 1860 1184 1903 ἐπείτε
1222 1861 1501 1916 διελύθησαν,

134 1929 248 1981 ἔλεξε
279 1936 466 1986 Δαρεῖος
495 1930 613 1973 τάδε.
665 1927 898 1984 ((Οὶβαρες,
931 1926 1033 1985 ἡμῖν
1065 1929 1266 1971 δέδοκται
1296 1930 1400 1985 περὶ
1429 1932 1505 1984 τῆς

131 1998 363 2053 βασιληίης
394 2001 561 2040 ποιέειν
592 1995 702 2039 κατὰ
731 1997 858 2040 τάδε·
898 1994 997 2040 ὅτευ
1030 1994 1081 2039 ἂν
1112 1994 1135 2039 ὃ
1161 1996 1303 2047 ἵππος
1328 1999 1505 2051 πρῶτος

134 2066 382 2121 φθέγξηται
408 2063 500 2120 ἅμα
523 2069 585 2122 τῷ
610 2063 718 2121 ἡλίῳ
746 2063 911 2108 ἀνιόντι
936 2061 1076 2107 αὐτῶν
1103 2063 1502 2120 ἐπαναβεβηκότων,

133 2137 286 2176 τοῦτον
313 2132 422 2187 ἔχειν
445 2131 521 2191 τὴν
544 2134 786 2190 βασιληίην.
825 2136 897 2175 νῦν
924 2126 984 2175 ὦν
1009 2132 1053 2175 εἴ
1072 2149 1170 2175 τινα
1195 2131 1305 2185 ἔχεις
1331 2136 1503 2189 σοφίην,

135 2199 321 2257 μηχανέο
349 2198 408 2252 ὥς
434 2198 485 2244 ἂν
510 2198 634 2257 ἡμεῖς
654 2205 822 2255 σχῶμεν
840 2204 970 2244 τοῦτο
990 2199 1040 2243 τὸ
1060 2203 1188 2256 γέρας
1206 2202 1278 2243 καὶ
1297 2198 1354 2256 μὴ
1378 2197 1507 2250 ἄλλος

135 2266 242 2318 τις.”
284 2266 512 2322 ἀμείβεται
533 2268 721 2325 Οἰβάρης
744 2269 925 2312 τοισίδε.
960 2266 1031 2311 “ei
1050 2268 1126 2322 μὲν
1148 2268 1212 2324 δή,
1242 2261 1276 2310 ὦ
1299 2268 1504 2318 δέσποτα,

139 2334 182 2377 ἐν
206 2335 347 2391 τούτῳ
379 2339 450 2377 τοί
475 2335 568 2378 ἐστι
590 2333 618 2391 ἢ
641 2337 826 2390 βασιλέα
858 2334 969 2378 εἶναι
992 2333 1020 2391 ἢ
1043 2335 1121 2391 μή,
1154 2335 1321 2391 θάρσεε
1350 2335 1506 2377 τούτου

140 2402 294 2445 εἵνεκεν
319 2404 390 2445 καὶ
415 2401 560 2457 θυμὸν
586 2402 653 2456 ἔχε
679 2401 864 2459 ἀγαθόν,
894 2400 953 2454 ὥς
976 2400 1180 2457 βασιλεὺς
1212 2400 1353 2453 οὐδεὶς
1378 2400 1508 2454 ἄλλος

141 2469 228 2526 πρὸ
261 2474 334 2513 σεῦ
367 2469 509 2513 ἔσται·
545 2474 728 2513 τοιαῦτα
761 2470 841 2523 ἔχω
875 2468 1122 2527 φάρμακα.”
1180 2468 1294 2525 λέγει
1323 2476 1508 2525 Δαρεῖος

136 2536 209 2581 “el
237 2541 380 2581 τοίνυν
410 2554 454 2580 τι
484 2541 682 2580 τοιοῦτον
713 2537 822 2590 ἔχεις
853 2538 1070 2593 σόφισμα,
1106 2534 1193 2593 ὥρη
1225 2541 1508 2594 μηχανᾶσθαι

142 2607 214 2648 καὶ
244 2604 302 2662 μὴ
335 2603 683 2659 ἀναβάλλεσθαι,
723 2603 782 2656 ὠς
812 2609 887 2661 τῆς
919 2603 1127 2661 ἐπιούσης
1152 2602 1311 2661 ἡμέρης
1343 2602 1364 2647 ὁ
1393 2602 1507 2661 ἀγών

142 2673 244 2728 ἡμῖν
270 2671 400 2717 ἐστί.”
442 2670 631 2723 ἀκούσας
655 2676 792 2721 ταῦτα
818 2670 840 2715 ὃ
865 2672 1050 2728 Οἰβάρης
1069 2675 1213 2715 ποιέει
1231 2672 1414 2716 τοιόνδε.
1449 2670 1508 2724 ὥς

145 2743 304 2799 ἐγίνετο
335 2739 360 2799 ἡ
392 2741 483 2794 νύξ,
522 2745 608 2784 τιῦν
633 2742 806 2796 θηλέων
836 2739 987 2783 ἵππων
1018 2744 1133 2795 μίαν,
1165 2739 1240 2797 τὴν
1271 2738 1293 2784 ὁ
1322 2744 1506 2798 Δαρείου
