1794 3282
200 2177 231 2202 26

249 264 334 307 254
649 268 961 304 HPO-XOTOT
990 268 1032 302 Δ.
1057 268 1203 303 23—26.

247 343 427 399 γάλακτι
458 341 770 393 συμμίσγοντες
800 341 995 388 πίνουσι,
1034 338 1106 379 καὶ
1138 334 1228 379 ἀπὸ
1259 341 1334 394 τῆς
1365 337 1611 394 παχύτητος

250 407 380 451 αὐτοῦ
406 411 480 462 τῆς
504 404 660 462 τρυγὸς
685 405 899 455 παλάθας
925 408 1184 456 συντιθεῖσι,
1211 406 1284 447 καὶ
1307 405 1469 456 ταύτας
1495 404 1611 448 σιτέ-

249 492 382 518 ονται.
420 473 624 528 πρόβατα
649 472 729 527 γάρ
757 488 838 528 σφι
864 469 913 514 οὐ
940 471 1083 514 πολλά
1105 470 1216 514 ἐστι·
1243 470 1291 514 οὗ
1310 473 1391 530 γάρ
1410 490 1453 515 τι
1473 489 1611 516 σπου-

249 543 371 585 δαῖαι
395 543 524 595 νομαὶ
551 538 714 583 αὐτόθι
740 538 838 582 εἰσί.
876 537 964 582 ὑπὸ
993 538 1175 594 δενδρέῳ
1203 539 1249 581 δὲ
1270 538 1448 591 ἕκαστος
1466 544 1612 583 κατοί-

248 627 390 665 κηται,
429 607 502 651 τὸν
532 608 609 662 μὲν
636 611 829 661 χειμῶνα
862 605 994 650 ἐπεὰν
1024 605 1073 649 τὸ
1108 605 1302 663 δένδρεον
1334 608 1610 664 περικαλύψῃ

249 679 364 732 πίλῳ
398 680 556 731 στεγνῷ
588 677 742 731 λευκῷ,
776 673 824 717 τὸ
859 675 905 717 δὲ
935 673 1071 731 θέρος
1096 671 1194 716 ἄνευ
1227 676 1371 717 πίλου.
1431 674 1612 725 τούτους

250 742 390 795 οὐδεὶς
416 741 577 786 ἀδικέει
604 742 874 797 ἀνθρώπιον·
909 742 995 797 ἱροὶ
1018 740 1098 798 γὰρ
1124 743 1319 796 λέγονται
1351 739 1481 785 εἶναι·
1513 740 1614 784 οὐδέ

248 830 291 855 τι
318 810 467 867 ἀρήιον
494 807 630 853 ὅπλον
655 813 891 852 κεκτέαται.
951 811 1023 851 καὶ
1047 813 1176 852 τοῦτο
1202 809 1278 863 μὲν
1302 817 1420 852 τοῖσι
1444 826 1614 865 περιοι-

249 884 395 923 κέουσι
423 873 547 921 οὗτοί
572 878 658 921 εἰσι
684 877 725 920 οἱ
749 876 827 928 τὰς
853 875 1070 934 διαφορὰς
1096 877 1369 934 διαιρέοντες,
1397 881 1524 919 τοῦτο
1553 878 1610 928 δέ,

252 948 298 999 ὃς
325 945 375 989 ἂν
401 947 571 1003 φεύγων
596 945 820 1002 καταφύγῃ
854 944 896 996 ἐς
926 945 1124 996 τούτους,
1158 942 1230 987 ὑπ’
1247 941 1423 996 οὐδενὸς
1449 942 1615 988 ἀδικέε-

251 1032 336 1058 ται.
388 1011 551 1067 οἰῗνομα
577 1014 624 1056 δέ
649 1017 731 1069 σφί
756 1013 848 1056 ἐστι
869 1010 1164 1069 Ἀργιππαῖοι,

338 1085 472 1138 Μέχρι
493 1085 572 1135 μέν
597 1099 668 1124 νυν
693 1085 777 1123 τῶν
803 1082 1035 1137 φαλακρῶν
1061 1080 1226 1123 τούτων
1257 1078 1396 1136 πολλὴ
1422 1080 1616 1137 περιφά-

252 1167 344 1193 νεια
369 1154 444 1206 τῆς
465 1149 607 1206 χώρης
633 1147 723 1191 ἐστὶ
750 1149 821 1190 καὶ
845 1152 930 1190 τιῦν
957 1147 1186 1203 ἔμπροσθε
1218 1146 1400 1190 ἐθνέων·
1437 1149 1509 1189 καὶ
1532 1146 1614 1205 γὰρ

251 1216 459 1261 Σκυθέων
490 1217 600 1266 τινὲς
634 1214 910 1258 ἀπικνέονται
942 1214 984 1265 ἐς
1016 1213 1190 1267 αὐτούς,
1229 1219 1315 1257 τῶν
1347 1213 1394 1257 οὗ
1423 1216 1614 1268 χαλεπόν

255 1285 345 1328 ἔστι
370 1287 607 1327 πυθέσθαι
632 1285 702 1325 καὶ
723 1281 928 1338 Ἑλλήνων
958 1286 1043 1324 τιῦν
1069 1281 1113 1324 ἐκ
1136 1282 1439 1339 Βορυσθένεός
1469 1299 1515 1325 τε
1542 1281 1616 1337 ἒμ-

253 1357 410 1409 πορίου
436 1353 508 1393 καὶ
532 1355 617 1393 τιῦν
644 1348 783 1392 ἄλλων
808 1354 1027 1393 Ποντικῶν
1053 1349 1288 1406 ἐμπορίων.
1336 1353 1543 1392 Σκυθέων
1570 1351 1617 1392 δὲ

255 1424 297 1464 οἳ
323 1419 373 1463 ἂν
400 1419 567 1462 ἔλθωσι
599 1417 641 1468 ἒς
667 1415 840 1469 αύτούς,
876 1414 928 1459 δι’
947 1416 1059 1459 ἑπτὰ
1091 1416 1303 1473 ἑρμηνέων
1333 1419 1405 1459 καὶ
1437 1415 1489 1459 δι’
1507 1416 1618 1460 ἑπτὰ

197 1520 210 1528 .
253 1490 482 1544 γλωσσέων
514 1485 874 1541 διαπρήσσονται.
934 1483 1060 1540 μέχρι
1095 1485 1171 1538 μὲν
1205 1483 1254 1540 δη
1291 1484 1455 1527 τούτων
1492 1488 1619 1540 γινώ-

256 1572 418 1605 σκεται,
446 1552 495 1597 τὸ
524 1553 570 1595 δὲ
594 1556 679 1595 τιῦν
705 1554 938 1609 φαλακρῶν
962 1551 1214 1608 κατύπερθε
1240 1549 1382 1603 οὖδεὶς
1408 1550 1619 1610 ἀτρεκέως

256 1622 346 1666 οἶδε
373 1621 561 1679 φράσαι·
589 1617 720 1676 ου’ρεά
744 1637 790 1662 τε
814 1619 894 1675 γὰρ
923 1617 1073 1675 ὑψηλὰ
1099 1617 1344 1673 ἀποτάμνει
1365 1617 1519 1674 ἄβατα,
1547 1622 1620 1662 καὶ

256 1688 397 1740 οὖδείς
423 1704 537 1745 σφεα
566 1685 829 1742 ὑπερβαίνει.
893 1687 934 1729 οἱ
960 1688 1006 1729 δὲ
1032 1688 1249 1744 φαλακροὶ
1281 1681 1403 1730 οὗτοι
1433 1689 1617 1744 λέγουσι,

256 1758 351 1812 ἐμοὶ
376 1758 451 1811 μὲν
478 1753 526 1799 οὗ
555 1754 693 1798 πιστὰ
719 1757 930 1811 λέγοντες,
966 1754 1118 1797 οἰκέειν
1143 1753 1198 1797 τὰ
1224 1752 1355 1810 οὔρεα
1387 1755 1621 1811 αἰγίποδας

256 1823 432 1880 ἄνδρας,
461 1822 698 1879 ὑπερβάντι
725 1824 770 1866 δὲ
796 1823 977 1873 τούτους
1003 1820 1160 1873 ἄλλους
1185 1821 1454 1878 ἀνθρώπους
1480 1825 1523 1866 οἳ
1546 1822 1620 1879 τὴν

256 1892 463 1949 ἑξάμηνον
483 1892 754 1934 κατεύδουσι.
785 1895 913 1933 τοῦτο
936 1891 981 1933 δὲ
1002 1888 1076 1932 οὐκ
1091 1889 1315 1944 ἐνδέκομαι
1335 1889 1478 1946 ἇρχην.
1512 1888 1621 1933 ἀλλὰ

254 1960 303 2002 τὸ
330 1960 405 2013 μὲν
430 1958 543 2016 πρὸς
567 1957 631 2014 ἠῶ
656 1963 742 2001 τῶν
769 1960 1002 2015 φαλακρῶν
1027 1958 1284 2013 γινώσκεται
1310 1956 1520 2013 ἀτρεκέως
1545 1956 1617 2000 ὑπ’

251 2025 503 2082 Ἰσσηδόνων
530 2026 785 2079 οἰκεόμενον,
813 2024 862 2067 τὸ
887 2028 1035 2079 μέντοι
1060 2025 1312 2081 κατύπερθε
1336 2024 1449 2081 πρὸς
1467 2029 1621 2081 βορέην

256 2092 411 2148 ἄνεμον
433 2091 481 2136 οὗ
501 2093 768 2149 γινώσκεται,
793 2090 890 2135 οὔτε
909 2096 994 2134 τιῦν
1020 2094 1252 2148 φαλακρῶν
1273 2089 1371 2135 οὔτε
1390 2097 1476 2134 τιῦν
1486 2091 1621 2149 Ἰσση-

258 2162 410 2212 δόνων,
445 2160 483 2203 εἰ
512 2159 570 2217 μὴ
603 2157 685 2202 ὅσα
716 2158 859 2202 αὐτῶν
889 2160 1053 2202 τούτων
1085 2160 1307 2216 λεγόντων.
1368 2160 1543 2214 νόμοισι
1575 2161 1622 2203 δὲ

252 2228 489 2285 Ἰσσηδόνες
513 2228 723 2271 τοιοισίδε
749 2229 944 2283 λέγονται
961 2232 1172 2283 χρᾶσθαι.
1212 2226 1344 2270 επεὰν
1364 2225 1532 2284 ἇνδρὶ’
1508 2245 1622 2271 απο-

256 2297 381 2379 θάνη
387 2295 543 2352 πατήρ,
566 2295 607 2338 οἱ
622 2296 912 2352 προσήκοντες
933 2312 1116 2346 παντες
1108 2295 1382 2351 προσάγουσι
1402 2296 1619 2352 πρόβατα,

256 2366 326 2407 καὶ
360 2364 527 2407 έπειτεν
557 2367 694 2406 ταῦτα
723 2364 940 2414 θύσαντες
976 2364 1048 2405 καὶ
1079 2363 1399 2417 καταταμόντες
1428 2361 1484 2406 τὰ
1519 2367 1622 2420 κρέα

258 2432 576 2486 κατατάμνουσι
612 2433 684 2474 καὶ
720 2429 793 2474 τὸν
829 2435 906 2474 τοῦ
947 2431 1174 2484 δεκοιιένου
1217 2435 1440 2474 τεθνεῶτα
1480 2435 1621 2487 γονέα,

259 2499 539 2555 ἀναμίξαντες
564 2499 610 2542 δὲ
635 2499 780 2548 πάντα
810 2498 864 2541 τὰ
888 2502 992 2555 κρέα
1018 2499 1147 2541 δαῖτα
1179 2502 1489 2556 προτιθέαται.
1548 2498 1626 2556 τὴν

261 2570 306 2611 δὲ
335 2566 523 2625 κεφαλὴν
555 2564 688 2609 αὗτοῦ
721 2567 996 2622 ψιλώσαντες
1033 2568 1102 2609 καὶ
1143 2565 1459 2623 ἐκκαθήραντες
1494 2584 1624 2610 κατα-

256 2640 465 2694 χρυσοῦσι
490 2637 562 2677 καὶ
587 2634 753 2678 ἔπειτεν
780 2631 854 2677 ἅτε
881 2632 1099 2690 ἀγάλματι
1123 2638 1333 2691 χρέονται,
1362 2638 1525 2685 θυσίας
1547 2651 1624 2689 με-

260 2705 393 2758 γάλας
413 2702 616 2754 ἒπετέους
636 2701 938 2753 ἐπιτελέοντες.
972 2710 1078 2752 παῖς
1099 2702 1145 2744 δὲ
1165 2704 1299 2758 πατρὶ
1317 2707 1446 2745 τοῦτο
1467 2701 1621 2753 ποιέει,

260 2772 454 2828 κατάπερ
487 2771 528 2813 οἱ
549 2768 744 2826 Ἕλληνες
774 2768 828 2812 τὰ
859 2774 1042 2825 γενέσια.
1106 2767 1247 2821 ἄλλως
1284 2770 1330 2813 δὲ
1362 2770 1522 2813 δίκαιοι
1552 2773 1626 2811 καί
