1794 3282
546 248 858 283 ΗΡΟΔΟΤΟΥ
887 248 925 281 Γ.
951 247 1096 282 89-91.
1414 237 1496 278 217

145 319 349 374 ἐκτήσατο
374 317 447 373 τὴν
472 320 671 373 Περσέων
695 313 960 372 βασιληίην.”
1006 315 1196 371 ποιήσας
1222 315 1268 357 δὲ
1292 319 1428 357 ταῦτα
1454 314 1496 357 ἓν
1521 327 1554 352 89

144 385 334 441 Πέρσῃσι
360 382 492 440 ἀρχὰς
522 385 812 440 κατεστήσατο
845 384 998 435 ε’ίκοσι,
1036 381 1115 434 τὰς
1141 380 1266 426 αὐτοὶ
1296 382 1498 425 καλέουσι

146 455 436 507 σατραπηίας·
461 451 732 507 καταστήσας
759 452 805 494 δὲ
828 450 906 501 τὰς
933 448 1064 505 ἀρχὰς
1083 452 1151 492 καὶ
1174 448 1382 507 ἄρχοντας
1401 449 1498 492 ἐπι-

144 520 302 576 στήσας
334 518 513 571 ἐτάξατο
546 519 710 575 φόρους
741 518 782 561 οἱ
813 521 1040 573 προσιέναι
1070 515 1163 559 κατ’
1187 517 1317 560 ἔθνεά
1349 534 1395 560 τε
1426 519 1494 559 καὶ

143 586 255 643 πρὸς
279 595 395 629 τοῖσι
421 586 569 629 ἔθνεσι
594 585 695 636 τοὺς
726 585 1054 641 πλησιοχώρους
1086 585 1394 641 προστάσσων,
1426 586 1497 626 καὶ

144 651 413 710 ὑπερβαίνων
443 653 542 704 τοὺς
572 657 828 709 προσεχέας,
860 652 914 694 τὰ
945 651 1156 709 ἑκαστέρω
1190 650 1361 695 ἄλλοισι
1391 649 1500 694 ἄλλα

145 721 275 763 ἔθνεα
299 724 447 774 νέμων.
486 719 618 775 ἀρχὰς
644 721 690 762 δὲ
714 721 785 762 καὶ
811 722 959 775 φόρων
984 720 1204 775 πρόσοδον
1224 719 1301 776 τὴν
1323 719 1497 762 ἒπέτεον

144 788 251 831 κατὰ
276 789 379 830 τάδε
405 788 548 830 διεῖλε.
586 796 702 830 τοῖσι
726 788 801 841 μὲν
827 785 968 829 αὐτῶν
989 785 1189 842 ἀργύριον
1216 784 1500 842 ἀπαγινέουσι

145 857 287 912 εἴρητο
313 855 591 909 Βαβυλώνιον
617 852 816 907 σταθμὸν
840 854 1061 896 τάλαντων
1093 852 1352 908 ἀπαγινέειν,
1385 862 1501 896 τοῖσι

146 924 191 965 δὲ
215 927 386 977 χρισίον
412 920 696 976 ἀπαγινέουσι
720 919 952 973 Εὐβοϊκόν·
977 919 1026 962 τὸ
1056 921 1101 962 δὲ
1120 920 1398 974 Βαβυλώνιον
1421 921 1500 962 τά-

136 984 288 1028 λαντον
314 986 492 1028 δύναται
515 984 737 1040 Ειβοίὂας
763 985 1055 1040 ἕβδομήἩιοιτα
1085 986 1168 1026 καὶ
1201 983 1328 1027 ὀκτω
1359 985 1503 1038 μνέας.

137 1051 210 1095 ἐπὶ
229 1052 309 1107 γὰρ
324 1053 467 1131 Κύρου
489 1051 693 1108 ἄρχοντος
713 1055 782 1095 καὶ
805 1054 928 1103 αὖτις
945 1052 1187 1106 Καμβύσεω
1210 1046 1258 1108 ἧν
1277 1053 1506 1104 κατεστεὸς

137 1118 259 1162 οὐδὲν
285 1120 425 1177 φόρου
452 1124 566 1175 πέρι,
596 1118 706 1162 ἀλλὰ
733 1121 853 1175 δῶρα
878 1117 1065 1175 ἀγίνεον·
1094 1118 1167 1162 διὰ
1188 1120 1234 1162 δὲ
1253 1120 1411 1176 ταύτην
1431 1138 1505 1177 ττν

139 1184 335 1240 ἐπίταξιν
361 1192 439 1230 τοῦ
466 1188 606 1244 φόρου
632 1189 704 1230 καὶ
730 1187 1022 1244 παραπλήσια
1046 1187 1181 1244 ταύτῃ
1202 1184 1312 1230 ἄλλα
1332 1189 1505 1244 λέγουσι

143 1258 309 1311 Πέρσαι
335 1253 393 1305 ὥς
413 1262 596 1311 Δαρεῖος
619 1256 695 1308 μὲν
720 1250 768 1311 ἧν
787 1256 992 1312 κάπηλος,
1020 1256 1254 1311 Καμβύσης
1275 1256 1320 1297 δὲ
1341 1256 1502 1298 δεσπό-

142 1338 229 1378 της,
255 1326 395 1378 Κῦρος
421 1323 467 1364 δὲ
485 1323 641 1379 πατήρ,
670 1318 692 1364 ὅ
717 1323 793 1376 μὲν
814 1319 881 1365 ὅτι
901 1321 1135 1378 ἐκαπήλευε
1155 1323 1299 1365 πάντα
1317 1322 1371 1365 τὰ
1390 1324 1502 1378 πρή-

144 1406 302 1445 γματα,
342 1387 365 1432 ὁ
399 1390 444 1431 δὲ
477 1387 544 1432 ὅτι
572 1390 763 1442 χαλεπός
791 1406 838 1432 τε
869 1384 918 1445 ἧν
942 1392 1012 1432 καὶ
1040 1388 1265 1446 ὀλίγωρος,
1306 1388 1328 1433 ὁ
1363 1391 1408 1433 ὄὲ
1433 1388 1503 1433 ὅτι

145 1454 277 1512 ἤπιός
307 1472 353 1498 τε
377 1458 448 1498 καὶ
474 1455 624 1511 ἀγαθά
651 1473 732 1513 σφι
762 1457 906 1500 πάντα
937 1456 1245 1513 ἐμηχανήσατο.
1307 1455 1396 1500 ἀπὸ
1426 1459 1501 1512 μὲν

149 1523 197 1579 δὴ
220 1521 370 1566 Ἰώνων
395 1526 466 1566 καὶ
484 1524 719 1580 ΣιῙαγνήτων
743 1528 828 1566 τῶν
855 1524 896 1567 ἐν
922 1529 972 1581 τῇ
988 1523 1102 1582 Ἀσίῃ
1129 1527 1200 1567 καὶ
1220 1525 1412 1568 Αἰολέων
1431 1528 1503 1567 καὶ

146 1595 300 1647 Καρῶν
325 1593 396 1633 καὶ
421 1595 590 1634 1υκίων
615 1593 686 1633 καὶ
711 1593 909 1634 Μιλυέων
939 1594 1011 1634 καὶ
1036 1593 1287 1649 Παμφύλων
1318 1592 1398 1646 (εἷς
1421 1610 1500 1648 γαρ

146 1661 195 1714 ἢν
229 1659 270 1700 οἷ
300 1662 554 1713 τεταγμένος
586 1659 723 1714 φόρος
755 1660 894 1710 οὗτος)
926 1660 1111 1715 προσήιε
1140 1661 1397 1717 τετρακόσια
1427 1661 1504 1702 τά-

149 1728 280 1768 λαντα
312 1724 529 1806 ἀργυρίου.
591 1742 717 1776 ουτος
746 1727 821 1780 μὲν
854 1725 903 1783 ὂη
937 1727 1113 1782 πρῶτός
1145 1745 1185 1769 οι
1222 1726 1353 1782 νομὸς
1381 1745 1505 1770 κατε-

149 1794 314 1848 στήκεε,
361 1791 449 1835 ἀπὸ
489 1793 535 1835 δὲ
570 1798 730 1836 ἸΙῙυσῶν
765 1796 837 1836 καὶ
871 1795 1027 1837 Λυδῶν
1062 1796 1135 1836 καὶ
1170 1799 1397 1837 Λασονίων
1433 1798 1504 1837 καὶ

149 1862 379 1914 Καβαλέων
404 1862 476 1902 καὶ
495 1858 707 1915 (Υγεννέων
734 1862 997 1904 πεντακόσια
1021 1862 1228 1904 τάλαντα·
1254 1861 1384 1916 νομὸς
1410 1861 1505 1905 δεύ-

147 1944 268 1984 τερος
289 1921 425 1978 οὗτος.
466 1925 554 1969 ἀπὸ
578 1928 623 1969 δὲ
637 1926 975 1984 Ἑλλησποντίων
993 1933 1078 1971 τῶν
1098 1929 1172 1972 ἐπὶ
1193 1929 1312 1981 δεξιὰ
1335 1929 1505 1973 ἐσπλώ-

149 2011 238 2037 οντι
262 1996 334 2037 καὶ
356 1999 530 2050 Φρυγῶν
554 1997 625 2037 καὶ
648 1999 836 2051 Θρηίκων
860 2000 945 2038 τῶν
972 1995 1013 2038 ἐν
1032 2001 1082 2053 τῇ
1098 1994 1212 2054 Half]
1231 1999 1303 2040 καὶ
1322 1999 1505 2054 Παφλα-

146 2063 280 2117 γόνων
299 2063 371 2104 καὶ
386 2063 694 2118 Μαριανδυνῶν
708 2065 778 2105 καὶ
792 2067 959 2118 Συρίων
974 2063 1176 2119 ἑξήκοντα
1196 2066 1265 2107 καὶ
1279 2066 1506 2121 τριηκόσια

146 2124 195 2184 ἧν
219 2129 408 2172 τάλαντα
433 2130 589 2186 φόρος·
621 2130 752 2184 νομὸς
775 2135 920 2187 τρίτος
945 2124 1082 2182 οὗτος.
1133 2129 1223 2174 ἀπὸ
1250 2132 1296 2174 δὲ
1320 2134 1505 2175 Κιλίκων

147 2197 282 2239 ἵπποι
305 2213 352 2239 τε
376 2198 517 2240 λευκοὶ
544 2197 745 2254 ἑξήκοντα
769 2201 840 2240 καὶ
863 2199 1118 2254 τριηκόσιοι,
1146 2199 1326 2256 ἑκάστης
1346 2198 1506 2256 ἡμέρης

149 2262 210 2313 εἷς
233 2264 464 2318 γινόμενος,
492 2266 563 2306 καὶ
587 2266 775 2307 τάλαντα
801 2264 1003 2321 ἀργυρίου
1030 2267 1315 2309 πεντακόσια·
1340 2267 1505 2309 τούτων

150 2330 195 2372 δὲ
213 2331 526 2385 τεσσεράκοντα
544 2332 619 2384 μὲν
636 2334 708 2374 καὶ
727 2332 875 2375 ἑκατὸν
895 2332 937 2383 ἐς
955 2332 1029 2389 τὴν
1049 2333 1346 2389 φρουρέουσαν
1367 2334 1505 2377 ἵππον

149 2397 222 2452 τὴν
252 2398 445 2453 Κιλικίην
478 2398 619 2454 χώρην
657 2396 958 2452 ἀναισιμοῦτο,
1001 2399 1055 2442 τὰ
1093 2401 1138 2442 δὲ
1172 2401 1398 2456 τριηκόσια
1433 2403 1506 2443 καὶ

151 2463 350 2521 ἑξήκοντα
376 2469 546 2520 Δαρείῳ
574 2465 749 2521 ἐφοίτα·
775 2466 905 2520 νομὸς
929 2470 1130 2522 τέταρτος
1156 2462 1294 2518 οὗτος.
1345 2465 1434 2510 ἀπὸ
1458 2469 1502 2511 δὲ

150 2532 410 2613 Ποσειόηίου
443 2532 616 2583 πόλιος,
655 2532 728 2589 τὴν
755 2531 1009 2589 Ἀμφίλοχος
1041 2533 1063 2577 ὁ
1091 2533 1335 2591 Ξίμφιάρεω
1369 2537 1506 2578 οἴκισε

152 2596 217 2641 ἐπ’
245 2595 415 2653 οὔροισι
438 2607 555 2642 τοῖσι
579 2601 762 2642 Κιλίκιον
786 2617 832 2642 τε
862 2603 931 2643 καὶ
958 2602 1118 2655 Σιρων,
1153 2600 1388 2657 ἀρξάμενον
1413 2601 1503 2646 άπὸ

151 2666 306 2746 ταύτης
330 2669 453 2722 μέχρι
470 2666 708 2722 Αἰγύπτου,
736 2666 846 2723 πλὴν
866 2672 1019 2724 μοίρης
1037 2687 1112 2724 της
1126 2667 1330 2726 Αραβίων
1350 2673 1506 2723 (ταῦτα

147 2750 229 2790 γαρ
256 2735 303 2789 ἡν
329 2732 510 2787 ἀτελέα),
538 2734 800 2790 πεντήκοντα
824 2737 895 2777 καὶ
916 2737 1141 2791 τριηκόσια
1160 2738 1347 2780 τάλαντα
1367 2739 1505 2794 φόρος

1526 1470 1559 1495 90

1530 2482 1562 2507 91
