1794 3282
547 236 641 262 VITA
665 237 715 261 ET
741 235 759 261 S
764 234 914 262 CRIPTIS
942 234 963 260 C
968 234 991 260 O
996 234 1079 259 MME
1083 233 1228 260 NTATIO
1233 249 1242 259 .

162 313 288 349 benda
311 315 365 345 est
389 310 523 345 Suidae
554 322 581 343 S.
605 321 637 342 v.
663 306 883 349 Θουκυδίδης

167 362 204 393 et
220 356 433 392 Marcellino
450 356 488 390 in
504 355 579 389 vita
596 354 765 400 Thucyd.
785 354 804 399 ξ
822 353 883 388 54:

166 403 304 449 λέγεται
321 401 363 435 δέ
377 415 412 434 τι
429 405 490 434 καὶ
508 402 692 441 τοιοῦτον,
718 397 766 435 ὥς
792 412 884 433 ποτε

167 451 232 482 τοῦ
262 446 461 492 “Ηροὸότου
497 447 560 481 τὰς
596 445 688 480 ἰδίας
724 445 884 488 ἱστορίας

169 491 467 533 ἐπιδεικνυμένου
494 489 623 536 παρών
646 493 688 536 τῇ
715 489 883 534 ἀκροάσει

168 535 391 578 Θουκυδίδης
415 540 473 569 καὶ
491 535 647 571 ἀκούσας
672 534 882 579 ἐδάκρυσεν·

168 583 296 617 ἔπειτά
329 595 417 628 φασι
445 582 512 615 τὸν
539 579 740 625 “Ηρόὸοτον
773 582 883 613 τοῦτο

167 628 402 671 θεασάμενον
425 628 543 660 εἰπεῖν
567 625 678 671 angos)
704 625 796 669 πρὸς
819 624 884 658 τὸν

169 677 310 717 πατέρα
327 672 394 706 τὸν
406 671 570 714 Ὁλορον·
595 673 623 704 ai
637 670 769 715 Ὁλορε,
795 668 885 714 ὀργᾷ

167 717 189 760 ἡ
218 720 323 763 φύσις
345 720 410 751 τοῦ
436 717 517 750 υἱοῦ
549 729 612 749 σου
644 716 735 759 πρὸς
763 715 889 757 μαθή-

168 778 282 806 ματα,
312 774 356 797 ac
384 773 441 796 me
470 761 618 804 quidem
646 760 766 793 iudice
794 759 884 792 nihil

169 819 302 843 causae
320 812 391 850 est,
415 806 511 851 quod
528 816 585 839 res
602 805 639 838 in
657 805 807 838 dubium
824 815 883 836 vo-

170 854 325 894 cetur24;
343 863 427 885 nam
445 851 543 894 quod
561 849 722 883 nonnulli
737 849 884 893 Thucy-

169 898 292 932 didem
309 896 534 930 Herodotum
557 905 628 928 non
645 893 800 927 Athenis
821 893 884 926 sed

170 942 362 987 Olympiae
387 940 532 975 audisse
553 943 732 982 statuunt,
756 949 884 983 parum

167 992 224 1022 est
239 986 479 1021 verisimile.2⁵

213 1032 359 1067 Deinde
395 1030 463 1063 hoc
500 1036 646 1073 quoque
679 1038 745 1073 pro
784 1030 884 1061 certo

166 1075 572 1119 sumilicet‚Her0doto,
587 1074 721 1108 diutius
730 1073 885 1107 Athenis

167 1120 404 1156 commoranti
422 1124 465 1163 (v.
484 1132 520 1165 p.
538 1125 605 1163 xx),
623 1120 686 1153 ubi
703 1119 767 1153 illa
784 1119 884 1153 Peri-

168 1167 234 1202 clis
252 1170 371 1200 aetate
390 1169 485 1199 artes
504 1169 540 1199 et
553 1165 727 1207 doctrina,
747 1175 885 1198 summa

168 1212 354 1257 elegantia
377 1215 412 1245 et
435 1214 604 1245 venustas
632 1209 758 1254 quavis
787 1210 825 1243 in
846 1220 885 1243 re

169 1258 365 1302 conspicua
387 1256 574 1298 florerent,
604 1267 708 1289 usum
737 1266 780 1289 ac
804 1266 885 1289 con-

169 1303 396 1337 suetudinem
425 1301 672 1335 intercessisse
703 1312 783 1334 cum
814 1300 884 1334 Ae-

169 1348 295 1393 schylo
314 1347 343 1388 (I
360 1347 426 1381 207
444 1347 481 1380 11
501 1347 597 1389 156),
621 1346 773 1388 Phidia,
797 1345 884 1379 Pro-

167 1398 309 1439 tagora,
326 1392 481 1435 Pericle,
500 1391 601 1425 cuius
615 1391 791 1436 singulari
805 1402 885 1425 cum

169 1439 303 1473 honore
336 1438 439 1472 illata
468 1442 522 1471 est
554 1436 688 1470 mentio
720 1436 758 1470 'V
761 1437 779 1470 Ι
808 1437 884 1470 131.

169 1484 350 1529 Imprimis
374 1487 496 1517 autem
520 1494 600 1516 cum
621 1481 800 1526 Sophocle
824 1493 884 1515 no—

170 1533 283 1563 strum
291 1529 503 1573 scriptorem
510 1527 796 1561 familiaritatem
804 1538 885 1561 con-

169 1574 321 1609 traxisse
343 1574 401 1608 vel
418 1573 502 1607 inde
521 1573 637 1607 conici
662 1573 764 1615 licet,
790 1573 885 1616 quod

171 1620 270 1664 apud
294 1619 531 1653 Plutarchum
560 1618 834 1663 epigrammatis
864 1628 884 1651 a

173 1664 352 1710 Sophocle
376 1664 562 1698 Herodoto
586 1663 777 1707 compositi
802 1674 886 1708 pars

171 1710 353 1754 quaedam
371 1709 534 1743 exstat.26
576 1708 774 1742 Praeterea
793 1720 885 1742 com-

171 1755 296 1789 mercii
312 1755 407 1789 inter
422 1757 614 1797 utrumque
628 1753 886 1787 intercedentis

171 1804 426 1845 argumentum
449 1810 470 1833 a
493 1799 674 1832 nonnullis
699 1798 886 1832 sententiis

170 1846 314 1890 utrique
333 1844 581 1878 communibus
598 1844 797 1888 petendum
815 1848 886 1886 est,

170 1895 280 1935 atque
304 1889 482 1924 Herodoti
511 1889 711 1923 sententiae
742 1888 886 1933 saepius

204 1970 231 1989 '24
250 1971 443 1996 Athenienses
456 1970 632 1995 Herodotum
653 1970 750 1994 decem
765 1970 886 1994 talento-

171 2013 232 2030 rum
252 2006 379 2036 praemio
399 2011 515 2030 ornasse
534 2008 648 2029 auctore
661 2006 758 2034 Anyto
772 2004 886 2036 Diyllus

172 2045 245 2076 apud
266 2045 447 2070 Plutarchum
469 2042 538 2081 περὶ
558 2043 690 2077 κακοηθ.
709 2040 768 2079 Ἡρ.
789 2052 818 2075 p.
839 2045 887 2069 862

172 2085 286 2113 sci-ibin
312 2091 344 2109 ac
364 2085 435 2109 nihil
455 2087 498 2108 est
517 2083 590 2114 quod
610 2084 644 2108 de
663 2091 692 2108 rc
714 2084 886 2109 dubitemus.

171 2120 235 2144 Hoc
248 2125 316 2143 vero
330 2125 386 2143 non
407 2119 456 2143 illo
470 2119 567 2149 Anyto
583 2118 743 2149 postulante
764 2118 822 2143 fieri
838 2126 887 2149 po-

171 2154 276 2184 tuisse,
297 2153 344 2183 qui
364 2156 465 2184 postea
485 2159 556 2176 unus
577 2159 613 2176 ex
628 2152 753 2177 Socratis
773 2159 888 2177 accusa-

171 2187 281 2211 toribus
301 2187 369 2214 suit.
397 2187 615 2216 chronologicae
635 2187 760 2211 rationes
775 2187 887 2211 docent.

172 2221 235 2253 Qua
248 2221 282 2245 de
297 2227 326 2245 re
341 2221 469 2245 conseras
482 2219 639 2245 Kirchboff.
655 2221 674 2245 1.
689 2221 707 2245 Ι.
723 2228 750 2251 p.
766 2222 808 2246 11.

204 2253 233 2273 25
251 2255 412 2285 Thucydidi
427 2255 558 2279 historias
572 2254 710 2279 Herodoti
731 2258 829 2286 postea
843 2262 887 2279 co-

173 2290 267 2321 gnitas
298 2290 386 2313 ruisse
410 2289 460 2313 vix
493 2288 674 2317 crediderim;
712 2292 887 2320 argumenta,

173 2330 244 2354 quae
259 2324 286 2347 ln
300 2323 373 2347 hanc
388 2329 445 2347 rem
460 2323 577 2354 protulit
591 2322 625 2346 E.
639 2322 675 2347 A.
692 2322 825 2347 Salomon
841 2324 888 2354 (de

172 2357 303 2388 Thucyd.
312 2360 340 2381 et
350 2357 456 2381 Herod.
465 2357 592 2387 quaestio
607 2357 743 2381 historica
757 2364 784 2388 p.
794 2358 835 2382 14.
847 2358 888 2387 17)

174 2391 324 2415 admodum
339 2391 372 2414 nd
384 2390 557 2421 probandum
572 2390 682 2414 infirma
691 2394 765 2415 sunt.
787 2391 848 2422 Qua
856 2392 889 2415 de

174 2432 204 2450 re
219 2425 346 2449 conseras
356 2424 572 2448 Ch.Fuetterer.
589 2424 635 2454 (de
643 2424 770 2455 pluribus
778 2426 889 2456 Thucy-

176 2459 249 2483 didis
269 2458 463 2488 Hcrorlotiquc
489 2459 575 2485 locis,
602 2459 631 2482 in
653 2459 754 2488 quibus
774 2462 890 2489 uterque

176 2494 298 2524 scriptor
319 2492 352 2516 de
373 2492 472 2516 iisdem
497 2491 581 2516 rebus
606 2491 719 2516 disserit
739 2493 889 2524 Hagiopol.

176 2528 265 2554 1843).
302 2526 443 2551 Dissentit
457 2525 576 2549 Classen
590 2525 623 2549 ad
638 2526 727 2550 Thuc.
741 2526 753 2550 I
767 2528 809 2551 ΞΟ.

209 2564 237 2584 26
256 2567 347 2591 Plut.:
367 2565 412 2590 An
433 2565 494 2589 seni
515 2571 573 2595 ger.
593 2570 668 2595 resp.
684 2572 708 2589 c.
723 2567 738 2590 :3
757 2564 840 2589 τουτὶ
859 2561 890 2590 δὲ

176 2601 429 2640 ὁμολογουμένως
455 2602 648 2639 Σοφοκλέους
673 2602 736 2629 ἐστὶ
767 2601 801 2629 τὸ
827 2603 890 2630 ἐπι-

175 2641 387 2683 γραμμάτιον·

211 2680 292 2718 ᾠδὴν
302 2679 450 2719 Ἡροδότῳ
464 2679 563 2714 τεῦξεν
578 2683 736 2719 Σοφοκλῆς
749 2682 836 2710 ἐτέων
850 2680 887 2709 uit

210 2718 288 2749 πέντ’
303 2721 352 2748 ἐπὶ
365 2720 560 2757 πεντήκοντα.

175 2763 221 2790 cf.
238 2764 341 2795 Bergk.
356 2766 433 2796 poet.
448 2771 489 2796 gr.
504 2764 558 2796 lyr.
574 2771 601 2796 p.
615 2765 674 2791 573.

1497 230 1620 259 XXIII

909 319 989 343 cum
1013 307 1224 350 Sophocleis
1250 307 1302 341 sic
1326 307 1560 349 conveniunt,
1585 310 1622 340 ut

908 353 1000 388 alter
1027 352 1176 387 alterius
1199 351 1356 397 vestigia
1378 351 1511 397 legisse
1535 352 1622 385 alte-

908 396 1624 478 Ξῖῗὸἒέῖζῖὼέηἰῖἓὲῗὶῖῗῖῗὲἓῖἑῖῗὲρὲξ

909 455 1213 523 conferendigcum
1229 487 1338 533 Soph.
1356 487 1445 522 Oed.
1455 490 1524 532 tyr.
1536 486 1622 521 1247

909 535 1036 576 (1237),
1059 533 1185 579 Antig.
1206 533 1282 567 146.
1307 533 1462 566 Philoct.
1482 533 1558 566 695.
1578 552 1620 556 —-

909 580 996 614 Her.
1021 579 1039 613 I
1062 580 1105 613 31
1129 588 1209 622 sqq.
1234 578 1281 618 <V
1303 579 1334 612 4.
1361 578 1392 612 7.
1416 578 1479 621 46)
1504 577 1622 612 confe-

908 624 1011 659 rendi
1047 635 1128 658 cum
1164 623 1274 668 Soph.
1307 623 1396 658 Oed.
1428 627 1496 667 tyr.
1534 627 1620 657 extr.

909 670 999 704 Oed.
1010 668 1085 702 Col.
1096 670 1195 708 1125,
1211 669 1470 702 Trachin.init.
1484 668 1620 702 —Her.

908 715 926 748 Ι
949 715 991 748 91
1017 714 1086 754 (ΙΠ
1109 714 1163 747 43.
1189 714 1244 747 64.
1269 714 1312 748 65
1335 713 1391 747 IX
1409 714 1464 755 16)
1488 713 1621 747 confer.

896 771 990 793 ,cum
1015 759 1105 793 Oed.
1131 758 1207 791 Col.
1232 759 1298 792 252
1321 758 1454 791 Electr.
1480 759 1556 792 696.
1581 778 1623 782 —

911 804 996 837 Her.
1016 804 1033 836 I
1051 804 1116 836 126
1135 803 1204 841 (ΙΙΙ
1223 804 1288 836 139
1306 803 1360 837 IV
1376 804 1397 837 8
1415 803 1448 837 V
1466 804 1524 847 92)
1543 814 1623 836 con-

910 848 974 882 fer.
995 859 1076 882 cum
1092 848 1188 881 Phil.
1207 848 1307 881 1316.
1328 848 1416 881 1326
1435 848 1524 881 Oed.
1547 847 1622 882 Col.

910 892 1270 928 1585.1694.-Her.
1286 892 1303 925 Ι
1317 892 1385 926 204
1398 892 1532 926 confer.
1545 904 1625 926 cum

909 938 1014 971 Aiac.
1039 938 1116 971 777.
1136 959 1173 961 ψ
1195 937 1283 970 Her.
1301 937 1318 970 I
1341 937 1410 971 204
1433 948 1514 971 cum
1533 937 1623 971 Oed.

910 982 985 1016 Col.
1003 983 1033 1016 7.
1049 983 1104 1016 42.
1119 983 1250 1017 90115
1267 982 1399 1016 Electr.
1409 983 1476 1017 998
1490 983 1623 1016 Trach.

897 1029 986 1068 129.
1002 1028 1079 1062 225.
1091 1048 1129 1052 -
1141 1027 1228 1061 Her.
1246 1027 1319 1061 VII
1332 1027 1376 1061 46
1394 1027 1528 1061 confer.
1545 1039 1623 1061 cum

910 1074 1013 1107 Aiac.
1030 1074 1096 1107 125
1115 1073 1204 1107 Oed.
1220 1077 1289 1117 tyr.
1306 1073 1371 1107 118
1389 1072 1625 1107 0011225.-

910 1119 997 1152 Her.
1012 1119 1048 1153 11
1063 1119 1107 1152 35
1124 1130 1206 1152 cum
1220 1118 1311 1152 Oed.
1327 1117 1403 1152 Col.
1417 1118 1483 1152 337
1498 1118 1623 1163 Antig.

910 1165 986 1198 620.
1003 1185 1042 1189 -
1060 1163 1147 1197 Her.
1162 1163 1218 1197 III
1233 1164 1297 1197 119
1316 1174 1396 1197 cum
1411 1164 1622 1209 Antig 315.

910 1211 977 1244 900
995 1208 1084 1244 Oed.
1106 1213 1175 1253 tyr.
1197 1209 1262 1243 118
1282 1207 1357 1242 Col.
1377 1209 1510 1243 1225.Ἠ

955 1255 1109 1288 Praeter
1122 1255 1187 1288 has
1203 1254 1292 1287 duas
1306 1254 1537 1289 recitationes
1551 1255 1625 1288 He-

910 1301 1057 1334 rodotus
1075 1299 1220 1333 tertiam
1239 1303 1274 1333 et
1292 1304 1459 1343 quartam
1474 1299 1624 1333 Corin-

911 1346 974 1379 thi
994 1350 1029 1379 et
1047 1345 1214 1379 Thebis
1232 1344 1402 1379 habuisse
1422 1345 1564 1388 dicitur,
1580 1346 1625 1380 de

911 1391 1043 1435 quibus
1069 1390 1233 1424 conferas
1257 1389 1339 1424 Dio.
1366 1389 1550 1436 Chrysost.
1574 1402 1623 1425 or.

897 1436 1098 1471 *XXXVII
1121 1448 1155 1481 p.
1183 1436 1248 1470 103
1278 1440 1313 1469 et
1336 1435 1431 1469 Plut.
1458 1441 1540 1481 περὶ
1566 1451 1625 1470 κα-

913 1483 1018 1522 κοηθ.
1037 1483 1109 1523 ⁴110.
1128 1493 1157 1514 C.
1177 1482 1231 1515 31.

896 1381 898 1397 l

955 1527 1022 1560 XI.
1057 1526 1265 1560 Codicum
1282 1526 1460 1561 Herodoti
1481 1531 1554 1561 tres
1572 1526 1625 1561 fa-

910 1572 1031 1605 miliae
1064 1571 1307 1606 secernendae
1341 1576 1439 1615 sunt,
1473 1583 1626 1616 quarum

907 1620 1022 1662 prima
1041 1616 1305 1659 Mediceum,
1323 1617 1508 1651 Passion
1520 1629 1624 1661 eum,

911 1662 1236 1705 Florentinum,
1276 1663 1340 1696 As
1354 1674 1373 1696 c
1387 1663 1536 1697 evian
1552 1675 1574 1697 u
1588 1676 1623 1697 m

911 1710 966 1750 (Σ
984 1707 1023 1740 Μ
1036 1708 1067 1741 P
1082 1707 1111 1740 F
1125 1707 1193 1750 ΚΝ,
1218 1709 1329 1741 altera
1348 1706 1625 1743 Sancroftia-

911 1764 1026 1795 num,
1056 1723 1446 1787 vindobonensem
1463 1756 1519 1795 (=
1538 1753 1624 1796 SV),

912 1798 1069 1832 Vallae
1093 1797 1270 1840 librum,
1300 1798 1408 1841 alios,
1438 1801 1536 1832 tertia
1566 1810 1626 1833 eos

913 1843 1166 1888 complectitur
1189 1843 1349 1886 codices,
1373 1843 1435 1888 qui
1453 1855 1533 1878 cum
1552 1856 1624 1879 me-

913 1889 1011 1921 dium
1029 1889 1210 1933 quendam
1227 1892 1377 1922 teneant
1399 1889 1516 1923 locum
1534 1890 1628 1924 inter

913 1934 1051 1978 primae
1065 1934 1286 1977 alteriusque
1300 1933 1461 1968 familiae
1471 1935 1625 1976 codices,

912 1979 1011 2013 haud
1040 1979 1164 2024 magni
1192 1978 1353 2013 faciendi
1376 1984 1458 2013 sunt
1482 1983 1491 2018 ί
1500 1980 1625 2014 Pari-

913 2025 1016 2067 sini,
1036 2024 1263 2068 Vaticani,
1289 2024 1625 2069 Ambrosianus,

914 2070 1130 2112 Urbinas).

958 2116 1013 2149 Ac
1032 2117 1167 2160 primae
1190 2115 1338 2160 quidem
1360 2115 1521 2150 familiae
1545 2117 1627 2150 libri

927 2180 970 2191 =
994 2161 1186 2203 MPFKN,
1216 2172 1423 2205 quanquam
1447 2162 1629 2196 interdum

915 2206 1109 2241 levioribus
1127 2206 1309 2240 scribendi
1333 2207 1473 2240 mendis
1498 2208 1627 2252 depra-

913 2252 986 2286 vati
1010 2256 1132 2285 tamen
1154 2251 1303 2296 reliquis
1327 2252 1493 2286 omnibus
1521 2253 1628 2298 longe

914 2302 996 2331 sunt
1015 2297 1289 2340 emendatiores,
1306 2297 1521 2342 integriores
1541 2301 1576 2332 et
1593 2299 1629 2332 in

914 2343 1091 2377 Herodoti
1100 2342 1278 2387 scriptura
1286 2343 1538 2376 constituenda
1551 2343 1628 2387 plu-

914 2388 1043 2422 rimum
1066 2387 1202 2421 habent
1226 2388 1462 2421 auctoritatis.
1512 2388 1630 2428 Quam

916 2433 1131 2467 sententiam
1164 2432 1378 2466 firmissimis
1411 2432 1629 2467 stabilivisse

915 2478 1003 2512 mihi
1020 2478 1144 2511 videor
1160 2477 1383 2522 argumentis
1406 2478 1442 2511 in
1460 2477 1629 2512 disserta-

915 2524 1024 2564 tione.
1044 2534 1114 2567 qua
1131 2523 1349 2556 recentiores
1364 2522 1541 2557 Herodoti
1555 2523 1629 2557 edi-

915 2569 1031 2602 tiones
1049 2568 1133 2601 inde
1152 2578 1173 2601 a
1188 2566 1449 2602 Gaisfordiana
1466 2569 1632 2603 recensui

919 2613 1065 2659 (Philol.
1083 2613 1178 2647 XXI
1196 2625 1231 2658 p.
1251 2613 1435 2659 79—100).
1470 2614 1631 2655 Quorum

948 2692 974 2712 27
994 2695 1064 2719 Sunt
1077 2694 1210 2719 Bredovii
1226 2694 1311 2719 verba
1325 2695 1353 2719 in
1367 2695 1435 2720 diss.
1450 2695 1484 2720 de
1493 2695 1630 2721 Herodoti

916 2730 1024 2788 ἷέἒίξῐιο
1039 2729 1198 2760 theologica
1206 2731 1290 2760 atque
1300 2729 1392 2783 ethica
1401 2737 1428 2761 p.
1438 2730 1479 2755 15.
1494 2730 1630 2761 Treptov.
