1794 3282
79 350 86 355 ·
128 337 176 361 121

133 738 181 763 122

147 1822 193 1847 123

199 245 254 286 56
572 244 885 281 ΗΡΟΔΟΤΟΥ
917 242 959 276 A.
987 241 1177 276 121—123.

202 323 273 364 καὶ
297 318 397 369 τοὺς
421 311 732 373 γειναμένους.”
774 311 963 361 ἄκουσας
988 314 1124 352 ταῦτα
1145 307 1412 389 5.}lovvcing
1433 305 1561 386 ἐχάρη

202 405 248 431 τε
273 388 344 428 καὶ
368 383 551 433 καλέσας
575 381 647 423 τὸν
668 385 808 435 Κῦρον
835 377 951 432 ἔλεγέ
977 377 1019 419 οἱ
1042 377 1160 419 τάδε.
1193 369 1260 417 “L5
1287 383 1382 425 παῖ,
1412 374 1459 416 σὲ
1483 371 1563 428 γὰρ

203 453 284 510 ἐγὼ
319 450 370 495 δι
395 449 500 505 ὄψιν
531 447 698 504 ὀνείρου
733 443 779 489 οὗ
813 444 956 500 τελέην
987 442 1172 500 ἠδίκεον,
1211 447 1261 499 τῆ
1295 444 1485 485 σεωυτοῦ
1519 439 1566 481 δὲ

202 525 330 576 μοίρῃ
357 522 544 573 περίεις·
582 519 652 558 νῦν
686 515 743 556 ών
768 514 842 556 ἰ’θι
864 516 1027 568 χαίρων
1062 510 1103 561 ἒς
1127 510 1317 567 Πέρσας,
1357 505 1566 562 πομποὺς

205 586 244 631 δ>
263 585 344 643 ἐγώ
373 582 463 640 άμα
488 583 669 638 πέμψω.
710 580 853 624 ἐλθὼν
881 581 926 622 δὲ
953 579 1040 622 ἐκεῖ
1062 581 1231 633 πατέρα
1249 593 1294 618 τε
1314 577 1385 617 καὶ
1403 573 1567 656 μητέρα

205 654 398 712 εὑρήσεις
430 650 477 695 οὗ
510 649 619 693 κατὰ
650 649 931 706 Μιτραδάτην
963 663 1009 689 τε
1045 644 1118 688 τὸν
1154 645 1362 698 βουκόλον
1392 643 1465 683 καὶ
1493 658 1568 696 την

206 730 384 780 γυναῖκα
424 717 580 762 αὖτοῦῖ
653 734 790 760 ταιτα
823 732 951 765 ειπας
989 712 1011 756 5
1039 711 1271 767 Αστυάγης
1309 708 1570 790 ἀποπέμπει

205 790 279 834 τὸν
304 794 459 845 Κῦρον.
496 786 765 842 νοστήσαντα
792 783 838 827 δέ
862 801 935 837 μιν
962 781 1003 833 ές
1022 785 1098 824 τοῦ
1119 779 1361 833 Καμβύσεω
1381 775 1434 819 τὰ
1456 775 1571 818 οἰκία

209 858 408 910 ἐδέξαντο
435 855 477 898 οἷ
501 855 760 910 γεινάμενοι,
789 853 858 893 καὶ
887 851 1112 904 δεξαιιενοι
1139 845 1196 897 ὥς
1223 845 1462 896 ἐπύθοντο,
1495 859 1571 897 με-

207 926 349 982 γάλως
374 922 620 980 ἠσπάζοντο
648 919 720 963 οἷα
746 918 795 975 δὴ
824 917 1106 971 ἐπιστάμενοι
1132 913 1286 957 αὐτίκα
1310 913 1410 955 τότε
1428 912 1572 953 τελευ-

207 998 356 1049 τῆσαι,
401 990 594 1046 ἱστόρεόν
631 1005 677 1031 τε
709 985 817 1042 ότεω
844 986 995 1040 τρόπω
1029 987 1313 1039 περιγένοιτο.
1364 977 1385 1022 5
1419 980 1466 1021 δέ
1491 994 1573 1034 σφι

211 1061 338 1116 ε’-λεγε,
368 1058 455 1115 φὰς
475 1056 561 1113 πρὸ
582 1061 656 1099 τοῦ
677 1056 753 1110 μὲν
776 1071 851 1097 οικ
866 1054 1024 1096 εἰδέναι
1045 1049 1132 1094 ἀλλ)
1150 1048 1437 1106 ἡμαρτηκέναι
1450 1047 1573 1088 πλεῖ-

212 1145 324 1180 στον,
360 1144 438 1169 κατ
473 1123 573 1168 ὁδὸν
601 1125 647 1166 δὲ
671 1126 909 1166 πιθέσθαι
935 1125 1081 1163 πᾶσαν
1112 1117 1185 1174 τὴν
1212 1117 1373 1159 εωυτοῦ
1401 1115 1573 1169 πάθην·

212 1196 483 1239 ἐπίστασθαι
497 1194 573 1247 μὲν
593 1209 673 1247 γαρ
695 1189 753 1241 ὡς
773 1190 983 1244 βουκόλου
1005 1192 1079 1230 τοῦ
1097 1184 1348 1240 Ἄστυάγεος
1368 1183 1432 1238 ειή
1453 1189 1571 1232 παῖς,

213 1261 302 1306 ἀπὸ
331 1263 377 1305 δὲ
402 1266 477 1318 τῆς
511 1260 678 1302 ἐκεῖθεν
712 1256 817 1300 ὁδοῦ
843 1256 916 1299 τὸν
948 1257 1092 1298 πάντα
1123 1254 1249 1309 λόγον
1274 1256 1358 1294 τῶν
1384 1252 1576 1304 ποιιπῶν

212 1333 462 1375 πυθέσθαι.
523 1330 742 1384 τραφῆναι
780 1325 826 1367 δὲ
865 1324 978 1379 ελεγε
1015 1321 1103 1365 ὑπὸ
1140 1325 1215 1377 τῆς
1250 1323 1327 1362 τοῦ
1363 1316 1575 1373 βουκόλου

212 1397 429 1455 γυναικός,
464 1395 487 1451 ἦ
484 1394 532 1438 ιε’
556 1411 601 1437 τε
626 1394 783 1448 ταύτην
811 1392 962 1434 αἰνέων
997 1389 1070 1433 διὰ
1102 1388 1284 1439 παντός,
1323 1380 1371 1442 ἧν
1396 1388 1443 1427 τέ
1469 1401 1509 1426 οι
1536 1382 1577 1425 έν

213 1471 272 1522 τῶ
299 1466 410 1520 λόγω
437 1462 491 1506 τὰ
517 1462 660 1505 πάντα
686 1458 709 1516 ἡ
736 1460 875 1502 Κυνώ.
929 1458 970 1500 οἱ
1003 1458 1047 1500 δὲ
1078 1460 1221 1506 τοκέες
1251 1452 1580 1510 παραλαβόντες

213 1509 262 1576 τδ
301 1530 463 1585 οὕνομα
498 1534 646 1579 τοῦτο,
691 1528 762 1570 ἵνα
798 1530 1036 1581 θειοτέρως
1074 1525 1197 1579 δοκέη
1234 1530 1351 1565 τοῖσι
1387 1523 1581 1574 Πέρσῃσι

214 1603 430 1657 περιεῖναί
461 1614 543 1654 σφι
581 1594 603 1638 5
642 1603 767 1646 παῖς,
807 1594 1042 1647 κατέβαλον
1075 1589 1207 1648 φάτιν
1247 1587 1305 1640 ὠς
1343 1588 1580 1640 ἐκκείμενον

215 1674 355 1723 Κῦρον
386 1667 496 1709 κύων
530 1665 758 1721 ἐξέθρεψε.
821 1661 1019 1705 ἐνθεῦτεν
1050 1661 1126 1714 μὲν
1157 1656 1181 1714 ἡ
1215 1657 1347 1715 φάτις
1379 1652 1486 1711 αὕτη
1513 1669 1582 1696 κε-

215 1752 395 1794 waryrw.

302 1804 431 1858 Κιρω
466 1802 511 1844 δὲ
544 1799 816 1857 ἇνδρουμενω
850 1814 921 1839 και
948 1796 1060 1839 ἐόντι
1085 1799 1170 1837 τῶν
1201 1793 1356 1850 ἡλίκων
1390 1788 1585 1845 ἀνδρειο-

218 1874 335 1928 τάτω
367 1872 439 1912 καὶ
469 1867 838 1925 προσφιλεστάτω
871 1867 1131 1921 προσεκέετο
1165 1860 1186 1905 5
1215 1859 1427 1917 Αρπαγος
1465 1859 1584 1937 διῦρα

220 1945 420 1995 πέμπων,
447 1940 664 1980 τίσασθαι
678 1933 910 1988 Αστυάγεα
931 1931 1204 1984 ἒπιθιμέων·
1233 1926 1306 1971 ἀπ’
1320 1927 1482 1969 εωυτοῦ
1502 1942 1583 1982 γαρ

224 2009 367 2058 εόντος
389 2005 572 2049 ἰδιώτεω
591 2020 665 2045 οικ
681 2002 819 2056 ἐνώρα
838 2003 1046 2055 τιμωρίην
1062 1998 1264 2053 ἐσομένην
1287 1995 1328 2046 ἐς
1338 1993 1582 2048 Αστυάγεα,

222 2081 362 2130 Κῦρον
394 2074 439 2116 δὲ
471 2071 603 2128 ὁρέων
636 2069 977 2126 ἐπιτρεφόμενον
1011 2065 1207 2108 ἐποιέετο
1241 2064 1475 2118 σύμμαχον,
1508 2059 1587 2111 τὰς

224 2144 381 2193 πάθας
405 2140 482 2191 τὰς
506 2139 649 2195 Κύρου
676 2142 777 2193 τῇσι
802 2135 964 2178 ἑωυτοῦ
999 2131 1290 2188 ὃμοιεύμενος.
1345 2129 1432 2186 πρὸ
1461 2127 1500 2171 δ’
1524 2145 1588 2170 ετι

225 2212 378 2256 τούτου
398 2209 502 2252 τάδε
523 2207 565 2250 οἳ
589 2209 870 2262 κατέργαστο·
899 2202 1044 2252 ἐόντος
1063 2205 1140 2243 τοῦ
1156 2198 1408 2252 Ἀστυάγεος
1429 2200 1587 2252 πικροῦ

229 2280 271 2330 ἐς
294 2277 395 2328 τοὺς
420 2276 612 2331 Μήδους,
647 2276 898 2327 συμμίσγων
931 2270 991 2312 ἑνὶ
1017 2268 1182 2323 εκάστω
1217 2264 1238 2309 5
1262 2262 1472 2320 Αρπαγος
1503 2268 1589 2306 τῶν

228 2362 414 2402 πρωτων
439 2343 596 2399 Μήδων
624 2339 834 2383 ἀνέπειθε
861 2356 919 2389 ως
941 2355 1020 2393 χρη
1041 2340 1179 2391 Κῦρον
1204 2331 1590 2390 προστησαμένους

227 2413 459 2469 Ἀστυάγεα
490 2414 660 2453 παῦσαι
689 2412 765 2463 τῆς
794 2408 1036 2462 βασιληίης.
1093 2400 1435 2459 κατεργασμένου
1471 2398 1518 2442 δέ
1549 2415 1592 2441 οι

231 2482 384 2526 τούτου
406 2480 478 2522 καὶ
499 2478 643 2528 ἐόντος
665 2475 853 2530 ἑτοίμου,
883 2471 995 2517 ου’τω
1019 2471 1069 2529 δὴ
1089 2475 1150 2527 τῶ
1166 2470 1292 2527 Κύρω
1309 2466 1590 2522 διαιτεομένω

234 2551 275 2593 ἐν
299 2552 492 2606 Πέρσησι
516 2545 778 2601 βουλόμενος
811 2541 832 2585 5
856 2539 1067 2599 Ἀρπαγος
1100 2540 1294 2595 δηλῶσαι
1324 2535 1397 2592 τὴν
1430 2534 1592 2577 εωυτοῦ

233 2636 278 2676 γι
284 2634 400 2673 ωιιην
427 2613 567 2664 άλλως
591 2613 667 2667 μὲν
694 2629 742 2654 οι
729 2609 896 2665 ’δαμῶς
922 2614 1006 2661 εἶχε
1033 2606 1108 2650 ἅτε
1132 2611 1216 2650 τῶν
1238 2603 1350 2649 ὁδιῦν
1371 2604 1594 2659 φυλασσο-

235 2689 383 2766 μένων,
418 2681 439 2726 5
473 2683 519 2724 δὲ
544 2681 820 2733 ἐπιτεχνᾶται
848 2677 1031 2720 τοιόνδε.
1081 2673 1210 2730 λαγὸν
1240 2670 1595 2728 μηχανησάμενος

237 2770 308 2796 και
340 2750 572 2803 ἆιασχίσας
602 2749 755 2791 τούτου
788 2764 862 2801 την
891 2743 1079 2801 γαστέρα
1108 2743 1179 2784 καὶ
1212 2738 1332 2783 οιδὲν
1365 2736 1593 2787 αποτίλας,
