1794 3282
193 592 245 617 131

201 1202 249 1227 132

207 2081 255 2105 133

270 233 354 275 292
648 239 963 274 HPOAOTOY
993 239 1034 272 Δ.
1060 239 1251 274 130-133.

272 311 448 353 πάντων
474 308 668 358 ἐπιδεέες
695 306 847 358 ἐόντες,
877 306 1052 350 έποίευν
1077 308 1238 351 τοιάδε.
1288 306 1399 361 ὅκως
1423 313 1508 352 τῶν
1529 325 1641 365 προ·

270 378 415 431 βάτων
433 380 518 418 τῶν
539 378 760 432 σφετέρων
776 373 916 417 αὐτῶν
935 377 1216 418 καταλίποιεν
1233 375 1442 430 μετὰτῶν
1461 381 1637 431 νομέων,

272 442 396 486 αὐτοὶ
422 441 472 485 ἂν
499 440 794 499 ὑπεξήλαυνον
826 441 868 492 ἒς
900 440 1028 485 ἄλλον
1052 446 1212 498 χῶρον·
1252 443 1295 485 οἶ
1325 444 1371 486 δὲ
1397 442 1448 486 ἂν
1473 448 1641 499 Πέρσαι

271 511 534 561 ἐπελθόντες
564 510 773 565 λάβεσκον
803 509 858 552 τὰ
890 510 1110 566 πρόβατα,
1148 512 1222 553 καὶ
1252 511 1456 566 λαβόντες
1493 511 1639 568 ἐπηεί-

271 595 396 636 ροντο
429 576 480 621 ἂν
510 582 572 634 τῷ
604 581 902 633 πεποιηιιένῳ.
965 578 1177 629 πολλάκις
1213 578 1260 620 δὲ
1294 579 1493 621 τοιούτου
1525 595 1642 634 γινο,

270 649 418 700 μένου,
446 648 569 697 τέλος
595 645 781 702 Δαρεῖός
805 661 851 687 τε
878 662 920 687 εν
947 643 1160 701 ἀπορίῃσι
1186 645 1340 698 εἴχετο,
1368 648 1438 688 καὶ
1467 645 1509 688 οἱ
1532 653 1642 689 Σκυ-

271 716 390 756 θέων
425 715 625 768 βασιλέες
661 713 883 767 μαθόντες
919 717 1046 756 τοῦτο
1086 713 1284 767 ἔπεμπον
1324 714 1484 770 κήρυκα
1523 714 1643 770 διῦρα

273 786 443 837 Δαρείῳ
483 784 673 837 φέροντα
711 778 872 837 ὄρνιθά
909 797 955 822 τε
991 782 1063 823 καὶ
1098 785 1180 835 μῦν
1217 783 1289 823 καὶ
1324 782 1539 837 βάτραχον
1570 783 1644 823 καὶ

273 847 448 900 ὀϊστοὺς
474 852 613 891 πέντε.
653 852 819 906 Πέρσαι
846 849 891 890 δὲ
916 847 991 890 τὸν
1017 847 1206 905 φέροντα
1230 847 1285 891 τὰ
1311 850 1431 905 διῦρα
1458 849 1643 907 ἐπειρώ-

272 933 368 959 τεον
399 915 474 959 τὸν
504 917 604 959 νόον
634 921 720 959 τῶν
752 917 1006 971 διδομένων·
1046 914 1068 958 ὃ
1103 916 1150 958 δὲ
1187 914 1311 959 οὐδὲν
1343 916 1425 973 ἔφη
1464 916 1505 959 οἳ
1542 916 1644 959 ἒπε-

274 985 470 1028 στάλθαι
508 982 613 1026 ἄλλο
650 982 676 1040 ἢ
714 985 845 1026 δόντα
886 983 961 1041 τὴν
1002 987 1206 1039 ταχίστην
1249 982 1643 1028 ἀπαλλάσσεσθαι·

274 1050 432 1103 αὐτους
458 1053 504 1095 δὲ
528 1051 630 1103 τοὺς
656 1056 828 1108 Πέρσας
853 1051 1029 1104 ἐκέλευε,
1059 1051 1097 1094 εἰ
1123 1056 1260 1108 σοφοί
1284 1052 1381 1104 εἰσι,
1409 1057 1569 1108 γνιῦναι
1592 1051 1643 1096 τὸ

275 1119 420 1163 ἐθέλει
439 1119 493 1163 τὰ
514 1120 633 1176 διῦρα
653 1121 801 1175 λέγειν.
833 1123 971 1162 ταῦτα
991 1117 1251 1170 ἀκούσαντες
1272 1120 1314 1161 οἱ
1332 1119 1498 1176 Πέρσαι
1520 1119 1644 1174 ἐβου-

276 1189 462 1231 λεύοντο.
520 1191 707 1244 Δαρείου
739 1186 816 1241 μέν
846 1205 918 1230 νυν
954 1185 980 1243 ἡ
1017 1187 1163 1243 γνώμη
1202 1189 1250 1243 ἠν
1280 1188 1458 1238 Σκύθας
1495 1186 1644 1229 εωυτιῦ

277 1257 447 1298 διδόναι
479 1259 617 1312 σφέας
646 1272 693 1298 τε
724 1253 882 1305 αὐτοὺς
912 1256 984 1296 καὶ
1014 1259 1089 1310 γῆν
1119 1272 1166 1297 τε
1189 1257 1263 1297 καὶ
1292 1252 1426 1311 ὕδωρ,
1466 1254 1645 1306 εικάζων

275 1324 393 1380 τῇδε,
435 1322 494 1374 ὥς
524 1327 607 1377 μῦς
638 1323 715 1376 μὲν
748 1322 790 1364 ἓν
820 1327 871 1377 γῇ
902 1327 1066 1377 γίνεται
1102 1321 1269 1377 καρπὸν
1305 1320 1379 1364 τὸν
1412 1319 1541 1364 αὐτὸν
1573 1320 1647 1363 ἀν-

275 1392 450 1448 θρώπῳ
478 1391 744 1443 σιτεόμενος,
775 1390 992 1445 βάτραχος
1019 1390 1065 1431 δὲ
1091 1388 1133 1431 ἐν
1158 1386 1304 1440 ὕδατι,
1339 1387 1456 1444 ὄρνις
1488 1389 1535 1431 δὲ
1559 1389 1647 1442 μά-

275 1461 401 1501 λιστα
428 1456 515 1500 οἶκε
546 1458 693 1513 ἵππῳ,
726 1456 826 1507 τοὺς
853 1458 899 1499 δὲ
926 1454 1098 1507 ὀϊστοὺς
1125 1454 1184 1506 ὥς
1207 1455 1282 1512 τὴν
1315 1455 1486 1498 ἑωυτῶν
1518 1454 1648 1513 ἀλκὴν

276 1527 587 1583 παραδιδοῦσι.
652 1522 759 1580 αὕτη
797 1525 873 1578 μὲν
911 1528 1082 1580 Δαρείῳ
1120 1521 1145 1579 ἡ
1183 1523 1330 1580 γνώμη
1369 1522 1645 1577 ἀπεδέδεκτο,

277 1594 545 1674 συνεστήκεε
554 1593 600 1635 δὲ
623 1593 756 1649 ταύτῃ
789 1597 840 1649 τῇ
871 1592 1017 1649 γνώμῃ
1044 1590 1068 1648 ἡ
1094 1592 1329 1649 Γωβρύεω,
1362 1596 1448 1634 τῶν
1480 1591 1648 1648 ἀνδρῶν

275 1666 360 1704 τῶν
387 1659 500 1703 ἑπτὰ
527 1659 620 1711 ἕιὸς
644 1678 731 1703 των
755 1659 829 1704 τὸν
849 1660 998 1715 Μάγον
1022 1660 1299 1710 κατελόντων,
1329 1660 1496 1712 εικάζον
1490 1677 1572 1711 τος
1592 1659 1648 1703 τὰ

277 1730 397 1785 διῦρα
422 1730 559 1785 λέγειν
579 1727 664 1785 ((ἢν
688 1727 746 1786 μὴ
773 1726 950 1784 όρνιθες
974 1728 1195 1784 γενόμενοι
1222 1725 1481 1784 ἀναπτῆσθε
1507 1745 1550 1778 ες
1572 1727 1648 1771 τὸν

278 1795 472 1852 οὐρανόν,
502 1798 536 1838 ώ
558 1800 736 1853 Πέρσαι,
766 1795 791 1852 ἢ
816 1797 921 1850 μύες
945 1796 1169 1852 γενόμενοι
1193 1794 1302 1838 κατὰ
1326 1800 1401 1852 τῆς
1419 1800 1494 1852 γῆς
1515 1813 1649 1838 κατα-

279 1865 423 1921 δύητε,
457 1862 483 1920 ἢ
508 1865 721 1921 βάτραχοι
750 1865 973 1920 γενόιιενοι
1005 1881 1048 1914 ες
1072 1862 1150 1914 τὰς
1175 1865 1327 1917 λίμνας
1359 1863 1644 1920 εσπηδησητε,

280 1930 353 1975 οὖν.
391 1930 713 1988 ἀπονοστήσετε
751 1930 896 1974 ὀπίσω
940 1930 1027 1974 ὕπὸ
1066 1932 1202 1974 τιῦνδε
1243 1936 1329 1973 τῶν
1371 1932 1648 1985 τοξευιιάτων

277 1997 578 2054 βαλλόμενοι.”

364 2066 532 2122 Πέρσαι
555 2066 631 2119 μὲν
659 2064 709 2121 δὴ
737 2063 850 2108 οὕτω
876 2064 931 2108 τὰ
958 2067 1077 2121 διῦρα
1103 2066 1282 2117 εἴκαζον,
1316 2063 1340 2121 ἡ
1369 2066 1415 2107 δὲ
1438 2069 1647 2109 Σκυθέων

279 2139 359 2189 μία
383 2142 517 2189 μοῖρα
547 2132 572 2189 ἡ
603 2138 820 2186 ταχθεῖσα
851 2134 1064 2189 πρότερον
1094 2133 1170 2186 μὲν
1202 2131 1323 2189 παρὰ
1353 2131 1428 2188 τὴν
1457 2137 1646 2187 Μαιῆτιν

280 2204 428 2257 λίμνην
455 2205 695 2258 φρουρέειν,
723 2201 822 2243 τότε
849 2202 895 2243 δὲ
921 2200 995 2243 ἐπὶ
1020 2199 1093 2243 τὸν
1110 2198 1402 2255 ἼστρονἼωσι
1428 2199 1471 2250 ἐς
1491 2200 1645 2254 λόγους

282 2269 440 2321 ἐλθεῖν,
470 2267 529 2320 ὠς
549 2266 730 2311 ἀπίκετο
753 2269 825 2312 ἐπὶ
845 2268 920 2325 τὴν
940 2268 1143 2325 γέφυραν,
1173 2268 1287 2323 ἐ’λεγε
1311 2268 1428 2310 τάδε.
1462 2265 1648 2324 ((ἄνδρες

271 2336 430 2388 Ἴωνες,
459 2336 709 2393 ἐλευθερίην
735 2334 833 2390 ὑμῖν
860 2333 1015 2392 ἥκομεν
1041 2340 1264 2393 φέροντες,
1292 2333 1340 2392 ἤν
1366 2339 1448 2392 πέρ
1473 2353 1521 2390 γε
1547 2336 1649 2379 ἐθέ-

281 2408 380 2462 λητε
407 2404 639 2448 ἐσακούειν.
690 2404 1017 2458 πυνθανόμεθα
1047 2402 1127 2459 γὰρ
1155 2411 1338 2460 Δαρεῖον
1370 2402 1650 2447 ἐντείλασθαι

286 2472 385 2527 ὑμῖν
411 2472 612 2529 ἑξήκοντα
636 2469 799 2527 ἡμέρας
817 2472 981 2525 μούνας
1002 2472 1334 2529 φρουρήσαντας
1352 2471 1427 2527 τὴν
1443 2477 1648 2529 γέφυραν,

284 2539 414 2583 αὐτοῦ
440 2539 497 2596 μὴ
525 2543 874 2595 παραγενομένου
903 2538 944 2582 ἐν
969 2541 1110 2596 τούτῳ
1136 2543 1197 2595 τῴ
1230 2541 1388 2597 χρόνῳ,
1423 2537 1652 2583 ἀπαλλάσ-

285 2613 449 2652 σεσθαι
480 2607 523 2658 ἐς
552 2607 627 2664 τὴν
657 2605 876 2664 ὑμετέρην.
931 2611 1004 2650 νῦν
1040 2603 1099 2649 ὦν
1129 2605 1252 2660 ὑμεῖς
1286 2607 1393 2649 τάδε
1427 2612 1652 2658 ποιεῦντες

286 2675 405 2727 ἐκτὸς
439 2676 516 2730 μὲν
553 2675 710 2718 ἔσεσθε
747 2674 858 2731 πρὸς
895 2674 1054 2718 ἐκείνου
1095 2674 1254 2731 αἰτίης,
1299 2673 1419 2726 ε’κτὸς
1456 2676 1502 2718 δὲ·
1538 2673 1652 2732 πρὸς

286 2742 445 2799 ἡμέων·
482 2743 561 2795 τὰς
592 2746 876 2800 προκειμένας
907 2741 1070 2800 ἡμέρας
1101 2746 1445 2800 παραμείναντες
1475 2742 1525 2786 τὸ
1558 2741 1647 2784 ἀπὸ
