1794 3282
214 227 269 268 90
586 229 897 265 ΗΡΟΔΟΤΟΥ
927 229 969 263 Α.
997 228 1188 264 202-206.

830 294 843 310 ί

213 303 511 347 ναυτίλλονται
541 303 689 341 πᾶσαν
719 299 791 340 καὶ
820 315 844 353 η
878 297 958 348 ἔξω
986 298 1172 352 στηλέων
1204 297 1412 339 θάλασσα
1438 294 1460 353 ἡ
1484 294 1572 339 Σίτ-

140 383 190 408 203
216 371 359 419 λαντὶς
382 368 613 420 καλεομένη
640 367 711 407 καὶ
736 362 963 420 ῆἙρυθρῆ
988 368 1068 418 μία
1086 364 1283 420 τυγχάνει
1303 363 1452 407 ἐοῦσα·
1479 362 1503 419 ἡ
1527 363 1572 405 δὲ

214 438 391 489 Κασπίη
425 433 517 476 ἐστὶ
548 432 667 488 ἑτέρη
702 430 775 474 ἐπ’
801 430 979 486 ἑωυτῆς,
1014 429 1146 473 ἐοῦσα
1175 436 1309 487 μῆκος
1332 432 1408 485 μὲν
1433 431 1572 474 πλόου

216 503 375 558 εἰρεσίῃ
398 503 614 556 χρεομένῳ
641 499 946 542 πεντεκαίδεκα
971 496 1173 554 ἡμερέων,
1202 492 1326 555 εὖρος
1347 499 1403 550 δέ,
1431 502 1480 555 τῇ
1508 495 1576 540 εὗ-

215 568 373 626 ρυτάτη
413 567 504 610 ἐστὶ
541 564 648 622 αὐτὴ
685 565 864 622 ἑωυτῆς,
906 563 1016 608 ὀκτώ
1049 563 1252 621 ἡμερέων.
1312 567 1383 608 καὶ
1413 565 1468 608 τὰ
1500 566 1576 619 μὲν

217 636 329 694 πρὸς
353 634 427 691 τὴν
452 634 637 691 ἑσπέρην
662 637 850 691 φέροντα
874 637 950 689 τῆς
973 633 1205 688 θαλάσσης
1229 632 1386 688 ταύτης
1415 630 1436 674 ὁ
1462 632 1578 674 Καύ-

217 719 347 754 κασος
378 705 650 759 παρατείνει,
686 700 766 744 ἐιὺν
798 698 959 758 οὐρέων
984 701 1054 742 καὶ
1086 700 1255 756 πλήθεϊ
1282 703 1483 754 μέγιστον
1507 700 1579 740 καὶ

215 771 405 827 μεγάθεϊ
422 768 712 826 ὑψηλότατον.
746 768 877 811 ’έθνεα
893 769 938 811 δὲ
959 765 1210 823 ἀνθρώπιον
1225 765 1367 810 πολλὰ
1380 768 1451 808 καὶ
1470 782 1580 809 παν-

217 848 317 882 τοῖα
342 837 384 881 ἐν
404 837 550 893 ἑωυτῷ
572 836 657 891 ἔχει
678 834 700 880 ὃ
720 837 960 887 Καύκασος,
988 834 1042 878 τὰ
1061 833 1203 878 πολλὰ
1222 835 1367 878 πάντα
1387 831 1460 876 ἀπ)
1479 831 1581 889 ὕλης

221 905 370 962 ἀγρίης
396 905 580 958 ζώοντα·
607 904 649 947 ἐν
674 912 791 947 τοῖσι
814 905 886 946 καὶ
913 903 1088 958 δένδρεα
1108 903 1251 959 φύλλα
1268 902 1444 958 τοιῆσδε
1466 900 1581 956 ἰδέης

221 973 495 1030 παρεχόμενα
521 970 632 1015 εἶναι
656 974 836 1028 λέγεται,
863 970 917 1014 τὰ
941 971 1167 1027 τρίβοντάς
1192 987 1237 1013 τε
1262 971 1333 1012 καὶ
1358 972 1582 1025 παραμίσ-

221 1057 372 1097 γοντας
397 1037 513 1096 ὕδωρ
541 1040 629 1096 ζῷα
653 1039 856 1082 ἑωυτοῖσι
883 1038 925 1089 ἐς
949 1036 1022 1094 τῆν
1049 1036 1217 1094 ἐσθῆτα
1249 1036 1496 1094 ἐγγράφειν·
1528 1033 1583 1078 τὰ

225 1110 271 1151 δὲ
291 1109 378 1164 ζῷα
393 1106 468 1150 οὖν.
488 1106 792 1158 ἐκπλύνεσθαι,
822 1104 930 1148 ἀλλὰ
946 1106 1362 1162 συγκαταγηράσκειν
1382 1108 1443 1161 τῷ
1467 1101 1581 1158 ἄλλῳ

224 1176 343 1233 εἰρίῳ
369 1175 561 1231 κατάπερ
589 1174 885 1231 ἐνυφανθέντα
911 1171 1052 1230 ἀρχήν.
1102 1175 1218 1227 μῖξιν
1245 1173 1290 1215 δὲ
1315 1173 1479 1216 τούτων
1500 1175 1584 1215 τιῦν

225 1241 476 1300 ἀνθρώπιον
501 1240 610 1285 εἶναι
636 1241 829 1298 ἐμφανέα
853 1242 1046 1297 κατάπερ
1071 1249 1189 1283 τοῖσι
1214 1241 1491 1296 προβάτοισι.

151 1323 202 1348 204
315 1309 374 1353 Τὰ
405 1311 481 1364 μὲν
513 1309 563 1366 δὴ
595 1310 706 1365 πρὸς
737 1309 921 1366 ἑσπέρην
951 1313 1026 1364 τῆς
1057 1309 1287 1365 θαλάσσης
1322 1308 1480 1363 ταύτης
1511 1311 1586 1362 τῆς

226 1381 427 1433 Κασπίης
452 1378 707 1432 καλεομένης
733 1375 754 1418 ὃ
777 1377 1005 1427 Καύκασος
1031 1374 1222 1431 ἀπέργει,
1250 1374 1304 1418 τὰ
1326 1376 1372 1417 δὲ
1392 1374 1503 1431 πρὸς
1524 1371 1586 1430 ἠιῦ

226 1462 273 1488 τε
293 1446 364 1487 καὶ
376 1442 495 1501 ἥλιον
510 1441 793 1487 ἀνατέλλοντα
812 1444 962 1486 πεδίον
977 1443 1191 1485 ἐκδέκεται
1211 1445 1385 1498 πλῆθος
1406 1439 1587 1498 ἄπειρον

232 1512 274 1562 ἒς
300 1511 484 1567 &is-comp.
534 1511 686 1553 τούτου
707 1507 765 1557 ὦν
784 1514 859 1554 τοῦ
877 1511 1030 1553 πεδίου
1063 1515 1138 1552 τοῦ
1170 1511 1356 1565 μεγάλου
1390 1507 1466 1551 ούκ
1492 1508 1589 1551 ἐλα-

227 1585 376 1636 χίστην
400 1587 557 1635 μοῖραν
582 1582 808 1632 μετέχουσι
835 1578 875 1620 οἱ
900 1581 1194 1633 Μασσαγέται,
1224 1576 1289 1620 ἐπ’
1308 1577 1381 1628 οὓς
1408 1574 1429 1619 ὁ
1451 1580 1589 1633 Κῦρος

231 1648 326 1700 ἔσχε
351 1650 604 1703 προθυμίην
637 1646 1005 1701 στρατεύσασθαι.
1062 1645 1203 1687 πολλά
1234 1661 1280 1687 τε
1311 1645 1391 1700 γάρ
1423 1661 1495 1698 μιν
1520 1644 1591 1685 καὶ

230 1714 396 1770 μεγάλα
426 1712 480 1756 τὰ
513 1712 772 1769 ἐπαείροντα
802 1715 873 1756 καὶ
899 1712 1187 1767 ἐποτρύνοντα
1217 1706 1277 1768 ἧν,
1310 1716 1484 1768 πρῶτον
1515 1711 1591 1765 μὲν

230 1780 255 1838 ἡ
281 1785 460 1836 γένεσις,
493 1779 543 1823 τὸ
571 1781 731 1824 δοκέειν
757 1782 888 1824 πλέον
912 1798 954 1823 τι
980 1778 1088 1823 εἶναι
1115 1779 1378 1836 ἀνθρώπου,
1415 1779 1592 1832 δεύτερα

233 1850 280 1891 δὲ
309 1845 333 1904 ἡ
367 1846 534 1904 εὗτυχίη
567 1847 590 1904 ἡ
622 1847 731 1890 κατὰ
761 1847 862 1898 τοὺς
892 1849 1112 1901 πολέμους
1143 1851 1365 1903 γενομένη·
1404 1844 1479 1902 ὅκῃ
1511 1845 1591 1901 γὰρ

235 1916 405 1958 ἰθύσειε
426 1915 746 1971 στρατεύεσθαι
760 1920 911 1971 Κῦρος,
941 1913 1156 1970 ἀμήχανον
1177 1909 1226 1970 ἦν
1248 1914 1381 1956 ἐκεῖνο
1400 1912 1448 1956 τὸ
1465 1913 1593 1962 ἔθνος

159 1996 209 2021 205
236 1984 473 2039 διαφυγεῖν.
511 1976 560 2037 ῆν
582 1982 626 2024 δὲ
646 1987 722 2025 τοῦ
744 1980 898 2038 ἀνδρὸς
919 1981 1224 2031 ἀποθανόντος
1242 1979 1344 2037 γυνὴ
1364 1984 1449 2023 τιῦν
1469 1986 1592 2022 Μασ-

236 2053 446 2106 σαγετέων
469 2050 688 2103 βασίλεια·
725 2049 910 2105 Τόμυρίς
936 2049 977 2091 οἱ
1004 2042 1049 2103 ἧν
1077 2046 1250 2102 οὕνομα.
1299 2048 1456 2103 ταύτην
1482 2051 1593 2100 πέμ-

236 2135 331 2161 πων
357 2115 379 2160 ὃ
398 2121 538 2173 Κῦρος
564 2116 719 2170 ἐμνᾶτο
744 2121 804 2172 τῷ
831 2117 943 2171 λόγῳ
974 2115 1157 2172 [ἐθέλων
1181 2124 1360 2171 γυναῖκα
1382 2114 1428 2170 ἢν
1451 2113 1591 2169 ἔχειν]

235 2183 260 2240 ἡ
289 2186 333 2226 δὲ
358 2184 541 2240 Τόμυρις
567 2193 761 2227 συνιεῖσα
788 2182 861 2226 οὗκ
887 2181 1015 2239 αὐτήν
1041 2200 1113 2236 μιν
1138 2183 1369 2237 μνεόμενον
1391 2179 1499 2224 ἀλλὰ
1519 2180 1594 2237 τῆν

236 2254 551 2306 Μασσαγετέων
574 2253 812 2307 βασιληίην,
841 2248 1064 2294 ἀπείπατο
1089 2249 1164 2306 τὴν
1183 2250 1417 2307 πρόσοδον.
1454 2252 1595 2306 Κῦρος

239 2321 284 2362 δὲ
308 2317 418 2373 μετὰ
441 2322 570 2361 τοῦτο
598 2315 656 2369 ὥς
683 2318 723 2360 οἱ
749 2319 863 2374 δόλῳ
891 2316 939 2360 οὗ
961 2317 1217 2373 προεχώρεε,
1247 2316 1405 2367 ἐλάσας
1427 2315 1502 2359 ἐπὶ
1520 2315 1595 2359 τὸν

232 2384 406 2443 Ἀράξην
433 2385 630 2429 ἐποιέετο
664 2385 708 2428 ἐκ
739 2390 815 2428 τοῦ
843 2385 1056 2442 ἐμφανέος
1087 2384 1162 2428 ἐπὶ
1186 2383 1287 2435 τοὺς
1311 2387 1597 2440 Μασσαγέτας

240 2457 487 2510 στρατηίην,
525 2453 715 2510 γεφύρας
745 2470 792 2495 τε
824 2453 1029 2508 ζευγνύων
1062 2451 1137 2495 ἐπὶ
1166 2457 1243 2495 τοῦ
1274 2456 1475 2506 ποταμοῦ
1502 2451 1598 2494 διά-

238 2525 366 2575 βασιν
401 2524 462 2576 τῷ
501 2524 689 2576 στρατῷ,
732 2522 805 2562 καὶ
841 2520 1032 2575 πύργους
1069 2518 1141 2562 ἐπὶ
1178 2521 1345 2562 πλοίων
1380 2523 1465 2562 τῶν
1503 2519 1598 2561 δια-

165 2602 215 2626 206
240 2585 581 2643 πορθμευόντων
611 2587 684 2630 τὸν
715 2586 915 2641 ποταμὸν
952 2586 1320 2641 οἰκοδομεόμενος.
1381 2586 1519 2640 ἔχοντι
1551 2586 1598 2627 δέ

242 2655 283 2697 οἱ
313 2659 464 2697 τοῦτον
494 2654 568 2698 τὸν
600 2655 734 2698 πόνον
764 2658 984 2710 πέμψασα
1013 2652 1038 2711 ἡ
1075 2651 1261 2709 Τόμυρις
1290 2654 1450 2710 κήρυκα
1481 2652 1596 2706 ἔλεγε

241 2722 357 2765 τάδε.
389 2716 457 2764 “⁶5
480 2723 659 2777 βασιλεῦ
680 2722 850 2779 Μήδων,
878 2725 1048 2765 παῦσαι
1073 2721 1271 2765 σπεύδων
1295 2718 1350 2764 τὰ
1375 2719 1595 2769 σπεύδεις·
