1794 3282
247 562 279 586 GG

246 1505 279 1531 67

247 2046 280 2071 68

304 271 387 312 206
709 275 1023 310 ΗΡΟΔΟΤΟΥ
1053 276 1093 309 Γ.
1119 276 1265 311 65-68.

303 348 500 391 τούτοισι
533 343 717 401 ἀρέομαι
747 342 847 398 ὑμῖν
877 347 1107 399 γενέσθαι,
1141 345 1212 386 καὶ
1242 343 1354 399 πρὸς
1385 344 1448 387 ἔτι
1472 342 1671 386 τούτοισι

303 414 353 457 τὸ
379 416 501 462 τέλος
525 415 725 466 Περσέων
757 410 923 468 ἑκάστῳ
957 410 1241 466 ἐπιγενέσθαι
1273 411 1364 454 οἷον
1395 411 1491 466 ἐμοὶ
1525 410 1672 467 ἐπιγέ-

304 477 439 537 γονε.”
492 475 583 532 ἅμα
606 495 653 521 τε
679 479 808 529 εἴπας
831 483 969 522 ταῦτα
996 477 1017 521 5
1038 479 1275 535 Καμβύσης
1295 477 1502 521 ἀπέκλαιε
1522 482 1670 521 πᾶσαν

303 547 377 603 τὴν
404 545 567 588 ἑωυτοῦ
593 550 762 602 πρῆςιν.
800 549 967 603 Πέρσαι
993 545 1033 588 δ’
1052 544 1111 596 ῶς
1134 545 1208 589 τὸν
1227 548 1411 600 βασιλέα
1431 544 1546 589 εἶδον
1567 543 1671 589 ἀνα-

302 614 563 666 κλαύσαντα,
603 614 763 664 πάντες
793 613 846 655 τά
871 630 917 655 τε
944 612 1131 669 ἐσθῆτος
1157 613 1339 667 ἐχόμενα
1371 611 1494 666 εἶχον,
1532 618 1672 656 ταῦτα

302 685 621 738 κατηρείκοντο,
655 683 727 723 καὶ
753 680 918 738 οἰμωγῇ
946 679 1135 738 ἀφθόνω
1168 682 1422 737 διεχρέοντο.
1482 679 1592 734 μετὰ
1625 681 1672 723 δὲ

302 753 458 801 ταῦτα,
487 747 547 799 ῶς
573 748 832 805 ἐσφακέλισέ
855 765 902 791 τε
927 747 976 791 τὸ
1004 747 1154 791 ὀστέον
1180 750 1251 791 καὶ
1278 747 1300 791 5
1327 746 1464 805 μηρὸς
1488 748 1672 801 τάχιστα

304 816 460 873 ἐσάπη,
489 814 694 872 ἀπήνεικε
713 816 949 872 Καμβύσην
974 815 1047 859 τὸν
1067 816 1225 872 Κύρου,
1251 815 1572 870 βασιλεύσαντα
1595 815 1672 869 μὲν

305 883 359 926 τὰ
395 884 541 927 πάντα
579 883 690 927 ἑπτὰ
728 883 825 926 ἔτεα
862 886 933 926 καὶ
971 888 1107 940 μῆνας
1142 884 1288 936 πέντε,
1330 881 1501 926 ἄπαιδα
1540 883 1586 925 δὲ
1621 881 1671 924 τὸ

304 951 515 1008 παράπαν
542 951 667 994 ἐόντα
693 951 863 1008 ἔρσενος
887 953 958 994 καὶ
984 952 1146 1008 θήλεος
1169 952 1311 1008 γόνου.

390 1022 590 1074 Περσέων
617 1020 663 1062 δὲ
687 1027 804 1062 τοῖσι
830 1023 1044 1075 παρεοῦσι
1071 1017 1253 1075 ἀπιστίη
1275 1017 1413 1074 πολλὴ
1434 1016 1671 1070 ὑπεκέχυτο

303 1086 403 1137 τοὺς
427 1087 605 1142 Μάγους
631 1087 738 1139 ἔχειν
763 1085 817 1129 τὰ
843 1086 1087 1143 πρήγματα,
1117 1084 1205 1129 ἀλλ)
1222 1084 1460 1142 ἠπιστέατο
1481 1084 1555 1128 ἐπὶ
1577 1085 1673 1127 δια-

302 1156 411 1212 βολῇ
438 1154 577 1197 εἷπεῖν
602 1151 837 1210 Καμβύσην
861 1153 916 1196 τὰ
942 1152 1039 1196 εἷπε
1064 1156 1167 1211 περὶ
1191 1158 1266 1196 τοῦ
1291 1154 1505 1210 Σμέρδιος
1529 1153 1672 1196 θανά-

302 1239 391 1275 του,
421 1222 491 1265 ἵνα
517 1222 559 1264 οἱ
585 1221 874 1278 ἐκπολεμωθῇ
900 1226 989 1264 πᾶν
1013 1220 1062 1265 τὸ
1089 1222 1313 1276 Περσικόν.
1351 1215 1474 1264 οὗτοι
1497 1224 1574 1275 μέν
1599 1238 1671 1263 νυν

302 1287 551 1372 ἠπιστέατο
562 1289 747 1345 Σιιέρδιν
772 1287 846 1331 τὸν
864 1289 1006 1346 Κύρου
1026 1291 1212 1344 βασιλέα
1238 1289 1492 1332 ἐνεστεῶτα·
1520 1289 1672 1339 δεινῶς

303 1356 382 1414 γὰρ
420 1359 492 1399 καὶ
530 1355 552 1400 5
588 1356 856 1412 Πρηξάσπης
893 1356 1067 1411 ε’ξαρνος
1108 1358 1157 1412 ἠν
1197 1355 1255 1413 μὴ
1298 1356 1374 1411 μὲν
1417 1354 1673 1399 ἀποκτεῖναι

302 1424 509 1480 Σιιέρδιν·
537 1441 585 1466 ου
611 1423 691 1480 γὰρ
713 1425 761 1480 ἠν
782 1424 824 1466 οἱ
845 1421 1040 1480 ἀσφαλὲς
1058 1424 1301 1479 Καμβύσεω
1322 1423 1674 1480 τετελευτηκότος

304 1492 442 1549 φάναι
466 1490 540 1535 τὸν
565 1492 709 1547 Κύρου
737 1490 830 1534 υἱὸν
857 1489 1181 1534 ἀπολωλεκέναι
1206 1489 1464 1547 αὐτοχειρίῃ.
1503 1488 1526 1533 5
1554 1491 1600 1533 δὲ
1621 1490 1672 1548 δὴ

301 1560 452 1615 Μάγος
476 1559 808 1615 τελευτήσαντος
832 1559 1077 1613 Καμβύσεω
1104 1557 1244 1610 ἀδεῶς
1271 1557 1540 1613 ἐβασίλευσε,
1575 1557 1674 1601 ἐπι-

301 1627 497 1682 βατεύων
521 1630 598 1670 τοῦ
625 1625 855 1681 ὁμωνύμου
881 1627 1093 1681 Σμέρδιος
1117 1630 1194 1669 τοῦ
1213 1626 1370 1683 Κύρου,
1397 1629 1534 1682 μῆνας
1560 1624 1672 1669 ἑπτὰ

302 1693 404 1745 τοὺς
430 1693 691 1746 ἐπιλοίπους
716 1694 929 1751 Καμβύσῃ
963 1693 1005 1745 ἐς
1034 1693 1090 1737 τὰ
1125 1692 1236 1737 ὀκτώ
1269 1694 1366 1737 ἔτεα
1395 1697 1472 1750 τῆς
1497 1693 1674 1750 πληρώ-

303 1775 416 1813 σιος·
445 1761 486 1805 ἐν
511 1771 629 1805 τοῖσι
655 1760 899 1814 ἀπεδέξατο
927 1762 969 1813 ἐς
993 1760 1094 1813 τοὺς
1119 1760 1340 1819 ὑπηκόους
1365 1762 1535 1812 πάντας
1554 1759 1674 1818 εὔερ-

302 1847 450 1886 γεσιας
479 1830 686 1886 μεγάλας,
728 1827 840 1873 ὥστε
873 1828 1183 1880 ἀποθανόντος
1215 1827 1346 1872 αυτοῦ
1377 1830 1530 1873 πόθον
1565 1828 1674 1883 έχειν

304 1898 471 1949 πάντας
501 1897 602 1949 τοὺς
636 1897 678 1940 ἐν
710 1913 760 1954 τῃ
789 1895 923 1954 Ασίῃ,
958 1898 1102 1953 πάρεξ
1131 1896 1272 1940 αυτῶν
1302 1901 1515 1955 Περσέων.
1578 1897 1675 1940 δια-

305 1969 488 2020 πέμψας
517 1964 598 2021 γὰρ
631 1963 653 2007 5
680 1965 829 2020 Μάγος
861 1964 903 2015 ἐς
928 1982 1016 2007 παν
1050 1965 1179 2015 ε’θνος
1209 1970 1294 2007 τῶν
1324 1967 1442 2021 ἠρχε,
1482 1973 1674 2021 προεῖπε

307 2031 502 2075 ἀτέλειαν
527 2030 637 2074 εἶναι
663 2036 895 2087 στρατηίης
919 2034 991 2073 καὶ
1017 2032 1158 2088 φόρου
1186 2031 1252 2074 ἐπ”
1275 2031 1372 2075 ε’τεα
1400 2035 1512 2088 τρία.
1562 2048 1674 2088 προ-

306 2109 403 2143 εῖπε
421 2100 498 2153 μὲν
518 2098 567 2155 δὴ
588 2103 725 2141 ταῦτα
746 2096 898 2140 αὐτίκα
913 2098 1187 2153 ἐνιστάμενος
1207 2099 1248 2149 ἐς
1268 2117 1341 2155 την
1363 2097 1504 2155 ἀρχην,
1528 2097 1671 2155 ὂγδόω

306 2168 352 2210 δὲ
365 2185 465 2222 μηνι
486 2165 649 2221 ἐγένετο
669 2166 909 2222 κατάδηλος
927 2166 1077 2222 τρόπω
1098 2167 1267 2222 τοιῶδε.
1301 2164 1467 2223 Ὀτάνης
1486 2184 1536 2223 ην
1558 2173 1673 2222 Φαρ-

303 2235 481 2278 νάσπεω
508 2234 585 2288 μὲν
610 2242 731 2284 παῖς,
756 2237 868 2289 γένεϊ
889 2234 935 2275 δὲ
954 2235 1024 2275 καὶ
1040 2234 1232 2290 χρήμασι
1253 2232 1405 2288 ὁμοῖος
1423 2238 1484 2290 τῶ
1508 2234 1670 2289 πρώτῳ

303 2306 519 2359 Περσέων.
559 2295 685 2351 οὗτος
711 2299 732 2343 5
755 2299 922 2356 Ὀτάνης
948 2305 1122 2357 πρῶτος
1147 2299 1399 2345 ὗπόπτευσε
1423 2300 1498 2344 τὸν
1522 2302 1673 2357 Μάγον

305 2368 365 2420 ῶς
397 2367 474 2412 οὐκ
505 2369 569 2425 ειή
603 2366 626 2411 5
658 2368 801 2425 Κύρου
832 2369 1019 2424 Σμέρδις
1051 2366 1142 2410 ἀλλ
1165 2367 1303 2426 ὅσπερ
1335 2371 1396 2426 ἠν,
1429 2370 1533 2425 τῇδε
1565 2384 1674 2423 συμ-

301 2437 584 2491 βαλλόμενος,
626 2433 694 2479 ὅτι
718 2452 764 2478 τε
790 2433 866 2478 οὗκ
884 2435 1095 2517 ἐξεφοίτα
1128 2435 1171 2479 ἐκ
1204 2441 1279 2493 τῆς
1311 2434 1577 2491 ἀκροπόλιος
1601 2437 1674 2478 καὶ

304 2502 375 2547 ὅτι
401 2502 477 2547 οὐκ
503 2503 692 2546 ἐκάλεε’
674 2521 717 2554 ες
743 2502 851 2558 ὄψιν
878 2502 1025 2559 ἕωυτῶ
1053 2501 1207 2547 οὐδένα
1230 2509 1316 2547 τῶν
1347 2506 1535 2560 λογίμων
1561 2512 1674 2560 Περ-

306 2575 429 2615 σέων.
490 2569 775 2622 ὑποπτεύσας
807 2571 856 2613 δέ
882 2588 956 2625 μιν
988 2570 1134 2615 ἐποίεε
1168 2572 1286 2615 τάδε.
1348 2572 1443 2625 ε’σχε
1475 2569 1608 2614 αυτοῦ
1647 2569 1671 2613 5

304 2639 541 2694 Καμβύσης
566 2642 808 2695 θυγατέρα,
841 2642 894 2695 τῇ
921 2636 1083 2694 ούνομα
1108 2633 1158 2697 ἧν
1186 2639 1403 2696 Φαιδύμη·
1441 2637 1516 2695 τὴν
1542 2637 1673 2694 αυτὴν

307 2706 357 2762 δὴ
382 2706 541 2762 ταύτην
567 2703 652 2759 εἶχε
675 2706 775 2749 τότε
801 2703 824 2748 5
849 2706 1015 2762 Μάγος,
1054 2709 1126 2750 καὶ
1150 2708 1282 2764 ταύτῃ
1315 2724 1361 2749 τε
1387 2709 1576 2750 συνοίκεε
1599 2706 1672 2747 καὶ

306 2779 406 2831 τῇσι
426 2771 581 2831 ἄλλῃσι
600 2774 771 2831 πάσῃσι
788 2777 888 2830 τῇσι
909 2778 986 2818 τοῦ
1001 2775 1246 2830 Καμβύσεω
1266 2776 1446 2831 γυναιξί.
1484 2777 1671 2828 πέμπων
