1794 3282
516 271 831 306 ΗΡΟΔΟΤΟΥ
861 272 903 305 Δ.
929 270 1122 306 200-203.
1421 258 1504 300 317

136 341 474 398 ἀντορύσσοντες
501 338 540 383 δ’
562 338 612 383 ἂν
637 341 770 397 ταύτῃ
793 340 835 383 οἳ
854 347 1069 395 Βαρκαῖοι
1090 338 1273 382 ἔκτεινον
1292 343 1376 380 τῶν
1398 345 1510 392 Περ-

136 408 248 451 σέων
279 407 382 458 τοὺς
412 411 741 464 γεωρυχέοντας.
802 412 930 451 τοῦτο
961 409 1036 462 μὲν
1069 406 1118 463 δὴ
1147 404 1260 450 οὕτω
1288 406 1508 462 ἐξευρέθη,

137 475 215 526 τὰς
247 475 293 518 δὲ
319 474 570 532 προσβολὰς
602 473 898 532 ἀπεκρούοντο
925 475 967 519 οἱ
992 483 1218 531 Βαρκαῖοι.
1276 474 1429 532 χρόνον
1464 473 1510 516 δὲ

139 542 191 595 δὴ
212 542 376 586 πολλὸν
395 547 660 600 τριβομένων
680 545 752 586 καὶ
773 545 1026 587 πιπτόντων
1041 541 1300 600 ἀμφοτέρων
1322 542 1510 592 πολλῶν,

140 612 213 653 καὶ
246 609 322 654 οῦκ
359 610 486 654 ἕσσον
518 616 603 654 τιῦν
634 615 852 668 Περσέων,
889 610 1067 665 Ἄμασις
1105 608 1127 653 δ
1162 607 1400 666 στρατηγὸς
1436 611 1511 651 τοῦ

144 678 277 731 πεζοῦ
297 683 541 735 μηχανᾶται
561 680 726 722 τοιάδε.
764 678 924 733 μαθων
944 678 1045 730 τοὺς
1064 683 1307 734 Βαρκαίους
1328 674 1387 727 ὥς
1404 674 1515 719 κατὰ

144 747 221 801 μὲν
246 745 296 789 τὸ
325 746 498 803 ἰσχυρὸν
525 745 599 790 οῦκ
626 747 791 801 αἱρετοὶ
817 745 911 798 εἶεν,
941 748 1054 803 δόλῳ
1083 747 1128 789 δὲ
1155 746 1337 802 αἱρετοί,
1372 748 1517 788 ποιέει

94 848 97 852 .
146 814 310 857 τοιάδε.
378 813 527 865 νυκτὸς
568 815 736 872 τάφρον
779 813 937 871 ὀρύξας
984 812 1133 869 εῦρέαν
1178 813 1368 856 ἐπέτεινε
1411 812 1516 864 ξύλα

148 880 341 926 ἀσθενέα
367 879 477 939 ὑπὲρ
505 880 647 939 αὐτῆς,
676 884 928 940 κατύπερθε
956 884 1001 926 δὲ
1028 882 1243 938 ἐπιπολῆς
1268 885 1353 924 τῶν
1380 880 1516 933 ξύλων

143 954 246 1003 χοῦν
271 954 347 1006 γῆς
374 949 635 1007 ἐπεφόρησε,
665 955 829 994 ποιέων
854 955 903 1007 τῇ
932 949 1037 1007 ἄλλῃ
1064 955 1114 1007 γῇ
1144 949 1365 993 ἰσόπεδον.
1427 945 1518 1002 ἅμα

145 1016 281 1075 ἡμέρῃ
315 1018 362 1061 δὲ
394 1017 436 1069 ἐς
469 1019 624 1074 λόγους
655 1020 941 1076 προεκαλέετο
968 1018 1069 1070 τοί-ς
1093 1021 1357 1073 Βαρκαίους·
1399 1015 1440 1059 οἳ
1472 1016 1518 1058 δὲ

147 1085 389 1137 ἀσπαστῶς
423 1085 693 1142 ὑπήκουσαν,
736 1086 778 1137 ἐς
809 1083 834 1129 δ’
867 1103 948 1143 σφι
981 1085 1079 1128 ἕαδε
1114 1083 1321 1141 ὁμολογίῃ
1356 1084 1519 1141 χρήσα-

147 1158 273 1196 σθαι.
324 1153 398 1209 τὴν
425 1154 471 1195 δὲ
498 1151 729 1208 ὁμολογίην
757 1152 981 1196 ἐποιεῦντο
1007 1154 1177 1208 τοιήνδε
1202 1152 1317 1203 τινά,
1346 1151 1420 1194 ἐπὶ
1444 1155 1520 1207 τῆς

146 1224 337 1277 κρυπτῆς
361 1220 532 1276 τάφρου
560 1221 792 1273 τάμνοντες
813 1218 949 1276 ὅρκια,
979 1219 1061 1263 ἔστ’
1080 1219 1130 1262 ἂν
1155 1218 1177 1275 ἢ
1197 1224 1247 1275 γῆ
1276 1216 1381 1275 αῦτη
1405 1216 1518 1261 οἷ”τω

147 1287 232 1345 ἔχῃ,
259 1291 400 1341 μένειν
426 1287 475 1330 τὸ
504 1285 649 1343 ὅρκιον
675 1287 784 1330 κατὰ
808 1288 962 1344 χώρην,
990 1289 1062 1330 καὶ
1081 1291 1326 1345 Βαρκαίους
1346 1303 1391 1329 τε
1410 1284 1520 1328 ὓπο-

146 1357 305 1398 τελέειν
343 1353 521 1410 [φάναι]
563 1353 685 1411 ἀξίην
721 1358 896 1409 βασιλέϊ
930 1358 1001 1398 καὶ
1039 1359 1209 1410 Πέρσας
1245 1355 1376 1411 μηδὲν
1414 1352 1518 1396 ἄλλο

146 1425 353 1476 νεοχμοῦν
372 1421 481 1464 κατὰ
494 1427 751 1479 Βαρκαίους.
783 1422 896 1477 μετὰ
918 1424 964 1466 δὲ
984 1423 1032 1467 τὸ
1056 1421 1200 1478 ὅρκιον
1214 1430 1427 1478 Βαρκαῖοι
1445 1422 1522 1475 μὲν

147 1490 461 1540 πιστεύσαντες
496 1490 694 1533 τούτοισι
728 1488 854 1533 αι’-τοί
884 1507 929 1533 τε
967 1490 1139 1547 ἐξήισαν
1172 1490 1216 1533 ἐκ
1252 1494 1328 1533 τοῦ
1367 1487 1522 1539 ἄστεος

147 1559 220 1600 καὶ
244 1561 330 1600 τῶν
355 1559 577 1612 πολεμίων
604 1557 683 1600 ἔων
710 1562 917 1613 παριέναι
952 1558 993 1609 ἒς
1018 1558 1066 1601 τὸ
1093 1567 1234 1612 τεῖχος
1258 1556 1331 1601 τὸν
1362 1558 1521 1611 βουλό-

148 1642 288 1681 μενον,
316 1623 393 1676 τὰς
419 1626 560 1676 πύλας
584 1626 735 1677 πάσας
757 1624 1020 1678 ἀνοίξαντες·
1049 1626 1091 1668 οἷ
1112 1626 1158 1668 δὲ
1178 1630 1345 1681 Πέρσαι
1364 1641 1523 1681 καταρ-

150 1694 354 1751 ρήξαντες
384 1692 459 1750 τὴν
490 1692 681 1749 κρυπτὴν
711 1693 903 1751 γέφυραν
937 1694 1065 1737 ἔθεον
1098 1693 1181 1736 ἔσω
1222 1693 1263 1744 ἒς
1293 1692 1341 1736 τὸ
1368 1700 1523 1745 τεῖχος.

150 1763 412 1819 κατέρρηξαν
445 1762 491 1804 δὲ
521 1762 649 1804 τοῦδε
682 1761 836 1805 εἵνεκεν
868 1761 942 1818 τὴν
976 1761 1186 1818 ἐποίησαν
1216 1764 1419 1818 γέφυραν,
1453 1759 1525 1803 ἵνα

153 1828 496 1887 ἐμπεδορκέοιεν,
531 1829 742 1883 ταμόντες
773 1838 891 1872 τοῖσι
915 1834 1177 1887 Βαρκαίοισι
1205 1829 1358 1886 χρόνον
1384 1827 1525 1882 μένειν

154 1897 240 1940 αἰεὶ
265 1897 314 1941 τὸ
341 1895 486 1952 ὅρκιον
513 1894 616 1940 ὅσον
643 1895 694 1939 ἂν
722 1894 743 1952 ἡ
770 1901 821 1952 γῆ
847 1901 949 1954 μένῃ
977 1896 1085 1940 κατὰ
1110 1898 1209 1940 τότε
1236 1895 1340 1950 εἶχε·
1366 1912 1526 1952 καταρ-

153 1966 309 2022 ρήξασι
335 1965 381 2008 δὲ
408 1963 552 2008 οὐκέτι
578 1965 697 2018 ἔμενε
722 1964 771 2008 τὸ
800 1962 944 2021 ὅρκιον
978 1964 1086 2008 κατὰ
1109 1965 1263 2022 χώρην.
1324 1963 1424 2015 τοὺς
1449 1967 1526 2017 μέν

153 2051 225 2076 νυν
251 2032 538 2084 αἰτιωτάτους
562 2037 647 2075 τιῦν
671 2037 901 2090 Βαρκαίων
928 2031 951 2089 ἡ
982 2038 1213 2089 Φερετίμη,
1243 2032 1388 2076 ἐπείτε
1415 2031 1457 2074 οἱ
1484 2031 1528 2074 ἐκ

153 2104 240 2143 τῶν
265 2099 466 2156 Περσέων
491 2101 820 2157 παρεδόθησαν,
850 2098 1165 2144 ἀνεσκολόπισε
1185 2100 1322 2156 κύκλῳ
1344 2103 1420 2142 τοῦ
1442 2103 1529 2142 τεί-

153 2184 269 2222 χεος,
315 2172 400 2211 τῶν
439 2169 486 2211 δέ
524 2185 605 2226 σφι
642 2173 853 2224 γυναικῶν
890 2168 991 2219 τοὺς
1027 2166 1190 2223 μαζοὺς
1235 2165 1530 2222 ἀποταμοῦσα

157 2237 404 2292 περιέστιξε
429 2237 501 2278 καὶ
524 2236 723 2279 τούτοισι
747 2235 796 2278 τὸ
822 2244 984 2288 τεῖχος·
1016 2235 1119 2287 τοὺς
1151 2236 1197 2278 δὲ
1228 2233 1412 2286 λοιποὺς
1443 2239 1528 2276 τιῦν

158 2306 385 2357 Βαρκαίων
411 2305 532 2358 ληίην
558 2301 751 2345 ἐκέλευσε
772 2306 945 2345 θέσθαι
964 2303 1064 2354 τοὺς
1086 2307 1269 2360 Πέρσας,
1299 2301 1409 2357 πλὴν
1431 2298 1530 2344 ὅσοι

160 2369 302 2413 αὐτῶν
334 2364 441 2426 ἦσαν
466 2370 713 2412 Βαττιάδαι
743 2386 789 2412 τε
820 2372 892 2412 καὶ
923 2374 999 2412 τοῦ
1032 2371 1168 2427 φόνου
1206 2368 1252 2412 οῦ
1291 2372 1528 2424 μεταίτιοι·

158 2441 356 2482 τούτοισι
382 2438 428 2480 δὲ
454 2436 527 2493 τὴν
554 2437 684 2480 πόλιν
711 2436 926 2493 ἐπέτρεψε
951 2435 976 2494 ἡ
1009 2442 1231 2493 Φερετίμη.

252 2505 358 2557 Τοὺς
385 2499 442 2547 ὦν
469 2504 518 2560 δὴ
545 2503 730 2556 λοιποὺς
755 2509 839 2548 τῶν
859 2510 1087 2561 Βαρκαίων
1115 2505 1156 2547 οἱ
1178 2509 1345 2562 Πέρσαι
1370 2503 1527 2559 ἄνδρα·

161 2574 454 2628 ποδισάμενοι
487 2570 679 2628 ἀπήισαν
711 2570 877 2616 ὀπίσω·
917 2576 987 2615 καὶ
1021 2573 1164 2616 ἐπείτε
1197 2572 1271 2616 ἐπὶ
1307 2577 1358 2628 τῇ
1390 2579 1531 2628 Κυρη-

162 2646 293 2685 ναίων
319 2642 425 2685 πόλι
452 2640 707 2697 ἐπέστησαν,
744 2641 786 2683 οἱ
810 2648 1047 2698 Κυρηναῖοι
1072 2641 1219 2697 λόγιόν
1250 2658 1294 2684 τι
1320 2638 1530 2684 ἀποσιεύ-

162 2727 286 2765 μενοι
312 2711 506 2766 διεξῆκαν
533 2706 690 2760 αῦτους
718 2707 790 2751 διὰ
816 2713 890 2751 τοῦ
918 2707 1084 2760 ἄστεος.
1125 2709 1368 2764 διεξιούσης
1389 2709 1435 2751 δὲ
1455 2713 1531 2764 τῆς

165 2783 370 2836 στρατιῆς
400 2778 546 2835 Βάρης
571 2778 647 2832 μὲν
680 2775 701 2821 ὃ
734 2782 811 2821 τοῦ
843 2781 1043 2820 ναυτικοῦ
1077 2781 1262 2835 στρατοῦ
1296 2776 1532 2834 στρατηγὸς

1535 486 1582 511 201

1551 1976 1601 2001 202

1552 2518 1602 2542 203
