1794 3282
483 241 797 277 ΗΡΟΔΟΤΟΥ
828 242 870 275 Β.
898 240 1088 275 132Ὓ-134
1382 229 1463 271 153

104 313 340 369 Αἰγύπτιοι
366 310 440 355 τὸν
466 309 542 354 οὐκ
568 308 754 365 οὖνομας
737 310 909 364 “ο’μενον
933 307 1040 352 θεὸν
1066 305 1172 352 ὖπ”’
1155 312 1253 362 εμεῦ
1281 306 1354 350 ἐπὶ
1374 323 1465 350 τοι-

107 381 219 437 οὕτω
246 379 480 437 πρήγματι.
540 379 638 421 τότε
670 379 728 420 (ὗν
752 379 824 420 καὶ
853 376 927 434 τὴν
951 380 1054 431 βοῦν
1086 375 1315 434 ἐκφέρουσι
1347 375 1389 426 ἐς
1413 372 1463 418 τὸ

106 453 220 505 φῶς·
260 449 371 504 φασὶ
401 447 480 503 γὰρ
520 445 569 502 δὴ
604 444 734 501 αὐτὴν
772 446 982 501 δεηθῆιαι
1017 448 1092 487 τοῦ
1129 443 1297 501 πατρὸς
1327 450 1466 486 Μυκε-

106 519 223 572 ρίνου
251 513 620 571 ἀποθνήσκουσαν
646 513 688 556 ἐν
713 517 773 569 τῴ
801 511 980 568 ἐνιαυτῷ
1007 509 1128 564 ἅπαξ
1149 529 1222 566 μιν
1247 509 1320 554 τὸν
1346 508 1466 565 ἣλιον

106 584 308 626 κατιδεῖν.

191 649 311 693 Μετὰ
338 651 383 693 δὲ
408 654 481 705 τῆς
508 646 727 704 θυγατρὸς
758 647 806 690 τὸ
840 648 992 698 πάθος
1025 648 1203 703 δεύτερα
1233 647 1373 703 τούτῳ
1404 649 1466 703 τῷ

108 720 282 774 βασιλέϊ
311 718 414 760 τάδε
445 720 670 773 γενέσθαι·
710 715 856 758 ἐλθεῖν
889 715 929 757 οἱ
964 715 1170 770 μαντήιον
1203 713 1247 757 ἐκ
1276 718 1469 765 Βουτοῦς

108 786 265 836 πόλιος
291 783 349 837 ὡς
373 787 524 838 μέλλοι
551 786 597 836 ἓξ
621 783 717 825 ἔτεα
735 787 892 836 μοῦνον
910 781 1034 836 βιοὺς
1054 786 1114 838 τῷ
1135 781 1306 838 ἑβδόμῳ
1326 783 1470 824 τελευ-

107 854 264 910 τήσειν.
324 851 398 895 τὸν
430 853 475 895 δὲ
508 849 646 894 δεινὸν
677 850 971 905 ποιησάμενον
1002 848 1180 903 πέμψαι
1211 848 1254 899 ἐς
1283 847 1331 891 τὸ
1364 865 1471 902 μαν-

108 922 230 978 τήιον
254 924 315 976 τῷ
336 924 429 975 θεῷ
452 917 688 971 ὀνείδισμα,
718 915 1091 974 ἀντιμεμφόμενον
1113 913 1179 958 ὅτι
1201 913 1222 958 ὁ
1243 916 1319 969 μὲν
1340 913 1470 957 αὐτοῦ

109 987 252 1044 πατὴρ
284 988 355 1029 καὶ
385 987 565 1042 πάτρως
597 983 938 1041 ἀποκληίσαντες
969 983 1023 1026 τὰ
1056 981 1128 1038 ἱρὰ
1163 984 1235 1025 καὶ
1270 986 1390 1025 θεῶν
1422 980 1470 1025 οὖ

108 1054 380 1112 μεμνημένοι,
410 1051 518 1096 ἀλλὰ
543 1054 614 1095 καὶ
638 1051 739 1103 τοὺς
759 1050 1027 1108 ἀνθρώπους
1046 1054 1317 1107 φθείροντες,
1347 1049 1474 1105 ἐβίω-

111 1140 189 1167 σαν
211 1123 363 1179 χρόνον
390 1121 464 1164 ἐπὶ
490 1120 663 1172 πολλόν,
699 1117 829 1170 αὐτὸς
855 1118 894 1162 δ’
914 1117 1090 1175 εὐσεβὴς
1117 1117 1197 1161 ἐιὺν
1222 1120 1372 1172 μέλλοι
1396 1136 1472 1162 τα-

108 1195 217 1245 χέως
243 1187 354 1233 οὕτω
380 1189 660 1245 τελευτήσειν.
711 1187 754 1230 ἐκ
781 1188 826 1230 δὲ
851 1192 925 1230 τοῦ
949 1190 1207 1244 χρηστηρίου
1235 1184 1351 1242 αὐτῷ
1380 1187 1476 1229 δεύ-

111 1276 213 1316 τερα
240 1257 385 1301 ἐλθεῖν
410 1259 586 1312 λέγοντα
610 1255 773 1298 τούτων
793 1254 946 1298 εἵνεκεν
965 1256 1034 1297 καὶ
1057 1255 1325 1307 συνταχύνειν
1346 1252 1475 1297 αὐτὸν

112 1326 184 1370 τὸν
209 1330 322 1381 βίον·
362 1323 409 1367 οὗ
435 1324 516 1381 γὰρ
543 1326 730 1380 ποιῆσαί
752 1340 826 1376 μιν
850 1321 899 1365 τὸ
923 1321 1059 1377 χρεων
1084 1316 1132 1378 ἦν
1163 1326 1348 1365 ποιέειν·
1388 1322 1477 1364 δεῖν

113 1394 192 1451 γὰρ
213 1394 436 1449 Αἴγυπτον
454 1395 701 1434 κακοῦσθαι
727 1389 793 1433 ἐπ’
812 1390 908 1433 ἔτεα
934 1390 1195 1446 πεντήκοντά
1220 1406 1266 1432 τε
1284 1391 1355 1432 καὶ
1382 1389 1474 1431 ἑκα-

114 1462 200 1513 τόν,
228 1463 297 1503 καὶ
322 1459 423 1511 τοὺς
447 1460 523 1514 μὲν
550 1459 625 1502 δι’-ο
651 1456 751 1508 τοὺς
776 1457 862 1512 πρὸ
890 1456 1049 1501 ἐκείνου
1075 1461 1326 1513 γενομένους
1349 1461 1477 1510 βασι-

116 1531 214 1579 λέας
239 1532 401 1582 μαθεῖν
427 1531 568 1577 τοῦτο,
598 1526 755 1569 ἐκεῖνον
782 1526 828 1568 δὲ
855 1523 918 1568 οὔ.
973 1529 1110 1568 ταῦτα
1136 1523 1379 1567 ἀκούσαντα
1403 1523 1477 1567 τὸν

118 1604 363 1652 Μυκερῖνον,
393 1593 451 1646 (ὃς
463 1597 827 1650 κατακεκριμένων
842 1591 920 1650 ἤδη
937 1593 978 1635 οἱ
996 1592 1173 1643 τούτων,
1201 1592 1330 1645 λύχνα
1349 1608 1477 1648 ποιη-

120 1665 303 1718 σάμενον
329 1663 491 1714 πολλά,
527 1659 637 1712 ὅκως
662 1665 823 1717 γίνοιτο
850 1660 925 1713 νὺξ
948 1658 1179 1715 ἀνάψαντα
1207 1658 1315 1702 αὐτὰ
1341 1664 1480 1703 πίνειν

119 1749 164 1775 τε
195 1733 268 1774 καὶ
299 1728 553 1781 εὐπαθέειν,
591 1727 688 1772 οὔτε
719 1727 878 1785 ἡμέρης
909 1727 1006 1771 οὔτε
1037 1726 1185 1778 νυκτὸς
1216 1725 1403 1778 ἀνιέντα,
1439 1726 1482 1777 ἕς

120 1816 165 1843 τε
191 1798 244 1842 τὰ
272 1798 369 1841 ἕλεα
394 1800 463 1840 καὶ
489 1796 543 1840 τὰ
564 1795 698 1839 ἄλσεα
718 1796 1008 1851 πλανεόμενον
1027 1797 1098 1838 καὶ
1119 1796 1189 1837 ἵνα
1209 1798 1481 1838 πυνθάνοιτο

122 1866 229 1910 εἶναι
253 1866 508 1945 ἐνηβητήρια
527 1864 868 1920 ἐπιτηδειότατα.
906 1868 1043 1906 ταῦτα
1064 1864 1107 1906 δὲ
1115 1862 1367 1946 ἐμηχανᾶτο
1383 1861 1484 1904 ἐθέ-

121 1937 205 1977 λων
229 1933 279 1977 τὸ
309 1933 516 1989 μαντήιον
548 1932 816 1987 ψευδόμενοι
848 1929 1077 1983 ἀποδέξαι,
1115 1930 1186 1973 ι’να
1217 1930 1259 1973 οἱ
1291 1930 1484 1972 δυώδεκα

123 2018 218 2044 ετεα
244 1999 330 2044 ἀντ’
352 2002 398 2053 ἓξ
422 1999 550 2043 ἐτεων
574 2003 758 2056 γένηται,
787 1999 832 2042 αἱ
857 2000 1002 2050 νύκτες
1026 1996 1183 2055 ημέραι
1214 2014 1482 2051 ποιευιιεναι.

207 2069 438 2125 Πυραμίδα
471 2069 516 2111 δὲ
551 2069 623 2110 καὶ
655 2069 781 2119 οὗτος
817 2065 1076 2119 ἀπελίπετο,
1115 2064 1278 2109 πολλὸν
1314 2065 1483 2108 ἐλάσσω

122 2141 198 2180 τοῦ
231 2137 417 2191 πατρός,
457 2136 595 2179 εἴκοσι
627 2136 776 2179 ποδιῦν
811 2135 1107 2178 καταδέουσαν
1138 2136 1274 2177 κῶλον
1308 2133 1485 2176 ε’καστον

122 2209 288 2260 τριιῦν
277 2206 484 2259 πλέθρων
510 2203 663 2260 ἐούσης
688 2203 968 2259 τετράγωνοι
997 2204 1128 2245 λιθου
1157 2201 1240 2244 δὲ’
1222 2219 1265 2252 ες
1284 2200 1332 2244 τὸ
1355 2198 1485 2256 η’μισυ

124 2273 418 2317 Αιθιοπικοῦ·
443 2270 516 2327 τὴν
543 2271 593 2328 δη
619 2272 886 2326 μετεξέτεροί
907 2287 1017 2328 φασι
1033 2269 1238 2326 Ελλήνων
1253 2267 1487 2318 Ῥοδώπιος

126 2340 296 2395 εταίρης
331 2338 528 2394 γυναικὸς
565 2337 693 2390 εἶναι,
734 2337 809 2380 οὐκ
840 2337 990 2394 ὀρθῶς
1028 2340 1231 2393 λέγοντες.
1293 2334 1393 2378 ουδὲ
1430 2337 1487 2378 ὠν

127 2406 225 2450 ουδὲ
262 2407 425 2457 ειδότες
455 2423 531 2460 μοι
564 2409 793 2462 φαίνονται
824 2405 959 2461 λέγειν
992 2407 1112 2447 οἱτοι
1145 2401 1236 2460 ἣτις
1271 2397 1320 2459 ἦν
1350 2420 1374 2459 η
1402 2401 1486 2445 ‘Po-

128 2477 287 2526 διῦπις·
326 2472 375 2517 οὗ
414 2491 493 2530 γαρ
532 2491 581 2515 αν
614 2489 652 2515 οι
692 2475 918 2530 πυραμίδα
956 2471 1169 2515 ἀνέθεσαν
1207 2471 1490 2526 ποιήσασθαι

126 2543 328 2599 τοιαύτην
356 2541 398 2593 ἐς
421 2541 495 2598 τὴν
520 2541 739 2584 ταλάντων
762 2540 954 2593 χιλιάδες
981 2538 1273 2594 ἀναρίθμητοι
1295 2536 1353 2588 (ὃς
1374 2538 1487 2593 λόγῳ

129 2611 267 2654 εἰπεῖν
299 2609 632 2663 ἀναισίμωνται·
668 2606 780 2664 πρὸς
812 2608 858 2649 δὲ
889 2605 956 2650 ὅτι
982 2605 1256 2661 κατ’ἷέίμασιν
1286 2605 1489 2660 βασιλεύ-

130 2696 231 2722 οντα
256 2672 303 2736 ἧν
330 2676 579 2732 ἀκμάζουσα
599 2674 823 2727 Ῥοδῶπις,
852 2672 940 2717 ἀλλ’
966 2673 1013 2717 οὗ
1039 2673 1147 2717 κατὰ
1171 2678 1342 2717 τοῦτον·
1375 2672 1490 2716 ἔτεσι

129 2744 208 2805 γὰρ
239 2747 376 2801 κάρτα
407 2747 612 2789 πολλοῖσι
646 2741 820 2801 ὕστερον
851 2743 1016 2787 τούτων
1047 2747 1131 2786 τιῦν
1161 2744 1375 2798 βασιλέων
1400 2745 1486 2784 τῶν

1493 656 1543 684 133

1511 2076 1560 2101 134
