1794 3282
476 234 793 269 ΗΡΟΔΟΤΟΥ
824 234 867 268 Α.
894 233 1040 277 97-99,
1389 222 1446 263 45

81 303 161 349 ἔτι·
189 303 237 348 οὗ
263 304 344 361 γάρ
372 303 414 346 οἱ
439 302 697 346 λυσιτελέειν
722 307 807 346 τῶν
833 302 994 345 ἑωυτοῦ
1022 300 1311 358 ἐξημεληκότα
1330 308 1448 343 τοῖσι

79 373 216 424 πέλας
242 370 294 415 δι’
318 370 477 428 ἡμέρης
504 371 704 423 δικάζειν.
763 369 916 426 ἐούσης
943 364 1000 413 ῶν
1027 367 1226 425 ἁρπαγῆς
1250 370 1321 410 καὶ
1348 366 1448 411 ἀνο-

78 445 181 497 μίης
213 439 276 482 ἔτι
306 440 456 495 πολλῷ
487 440 649 493 μᾶλλον
682 436 763 481 ἀνὰ
793 437 871 489 τὰς
907 438 1055 492 κώμας
1080 436 1106 494 ἢ
1138 437 1351 494 πρότερον
1383 430 1445 492 ἦν,

80 507 401 562 συνελέχθησαν
417 507 614 562 οἷΜῆδοι
630 506 672 557 ἐς
686 504 826 549 τώυτὸ
850 509 920 549 καὶ
935 505 1136 549 ἐδίδοσαν
1157 509 1286 562 σφίσι
1308 505 1446 560 λόγον,

79 575 274 631 λέγοντες
294 576 395 632 περὶ
413 578 499 618 τῶν
519 575 800 631 κατηκόντων.
840 573 899 625 ῶς
920 571 959 616 δ’
979 573 1059 629 ἕγιὺ
1082 572 1229 625 δοκέω,
1256 573 1449 627 μάλιστα

81 643 224 699 ε’λεγον
252 643 293 686 οἱ
318 659 393 686 του
416 643 610 699 Δηιόκεω
633 644 709 699 ([ί)
715 659 755 685 οι
776 640 858 684 “oL'v
885 641 965 698 γὰρ
989 641 1038 698 δι’]
1059 642 1149 719 τρό
1143 658 1210 697 τῳ
1232 645 1292 721 τῳ
1313 656 1449 695 παρε-

81 712 175 755 όντι
191 711 417 768 χρεόμενοι
439 711 615 753 δυνατοί
634 709 749 763 εἰμεν
770 709 923 753 οἰκέειν
946 727 993 765 τη
1000 727 1019 751 ν
1037 710 1192 765 χώρην,
1221 708 1325 765 ᾳέρε
1347 708 1449 763 στη-

81 795 225 833 σωμεν
250 776 392 835 ἡμέων
419 775 560 820 αι’·τῶν
582 777 790 858 βασιλέα·
823 794 895 818 και
921 773 1034 818 οὕτω
1068 774 1092 832 ἣ
1117 793 1163 818 τε
1185 776 1302 831 χώρη
1330 773 1450 817 εὖνο-

81 863 265 903 μησεται
285 848 357 889 καὶ
373 843 496 887 aizoi
511 862 623 899 προς
644 862 744 900 εργα
756 845 1032 900 τρεψόμεθα,
1062 817 1203 885 όῦδε
1184 841 1254 885 Lsc'
1270 841 1449 898 ἀνομιης

81 913 319 957 ἀνάστατοι
345 910 582 967 ἐσόμεθα.”
634 912 772 954 ταῦτά
797 929 846 968 κῃ
880 911 1073 966 λέγοντες
1102 914 1317 953 πείθουσι
1343 909 1451 951 ἑωυ-

79 981 182 1032 τοὺς
217 981 550 1036 βασιλεύεσθαι.
620 977 774 1022 αὐτίκα
812 980 858 1022 δὲ·
901 977 1266 1034 προβαλλομένων
1304 974 1450 1020 ὅντινα
1474 990 1507 1015 98

80 1050 313 1105 στήσονται
336 1047 532 1103 βασιλέα,
561 1045 584 1090 ὁ
605 1047 793 1104 Δηιόκης
818 1041 867 1102 ἧν
893 1046 1056 1097 πολλὸς
1078 1044 1164 1089 ὑπὸ
1186 1044 1350 1096 παντὸς
1378 1043 1450 1087 άν-

81 1110 183 1173 δρὸς
201 1119 274 1159 καὶ
293 1116 649 1173 προβαλλόμενος
674 1117 745 1158 καὶ
773 1115 1031 1169 αἰνεόμενος,
1061 1114 1103 1165 ἒς
1123 1114 1146 1157 ὃ
1173 1118 1324 1158 τοῦτον
1350 1130 1450 1155 κατ-

80 1185 274 1228 αινέουσι
302 1183 486 1239 βασιλέα
514 1188 642 1241 σφίσι
669 1181 793 1227 εἶναι.
844 1201 866 1226 ο
895 1181 934 1226 δ’
953 1182 1118 1226 ἐκέλευε
1151 1180 1309 1232 αυ·τοὶς
1335 1181 1451 1224 οἰκία

79 1270 125 1297 τε
152 1252 299 1309 ἑωυτῶ
327 1252 428 1305 ἄξια
457 1257 534 1309 τῆς
562 1253 793 1308 βασιληίης
826 1252 1113 1307 οἰκοδοιιησαι
1143 1252 1214 1293 καὶ
1246 1266 1451 1307 κρατιναι

80 1320 210 1364 αὐτὸν
243 1321 549 1377 δορυφόροισι.
600 1324 781 1363 ποιεῦσι
814 1318 863 1376 δη
896 1336 1034 1362 ταυτα
1061 1319 1103 1361 οἱ
1133 1323 1201 1361 111
1208 1319 1296 1361 δοι
1337 1318 1453 1361 οἰκο-

80 1391 289 1443 δομέουσί
319 1405 365 1431 τε
395 1387 476 1444 γὰρ
504 1385 620 1444 αὐτῷ
654 1388 770 1430 οἰκία
795 1389 963 1443 μεγάλα
987 1404 1034 1430 τε
1066 1389 1138 1429 καὶ
1171 1387 1343 1441 ἰσχυρά,
1382 1386 1453 1428 ἵνα

80 1455 212 1509 αὐτὸς
244 1457 408 1514 ἔφρασε
433 1461 509 1512 τῆς
530 1457 692 1512 χώρης,
726 1458 798 1498 καὶ
825 1456 1100 1512 δορυφόρους
1126 1453 1242 1510 αὐτῷ
1271 1454 1453 1509 ἐπιτρά-

80 1542 219 1569 πουσι
250 1524 294 1567 ἐκ
324 1525 502 1567 πάντων
533 1524 694 1580 Μήδων
724 1524 1068 1576 καταλέξασθαι.
1125 1521 1148 1566 0‘
1183 1523 1226 1565 δὲ
1261 1520 1320 1573 ῶς
1358 1522 1452 1574 ἔσχε

79 1592 155 1649 τὴν
189 1591 332 1649 ἀρχήν,
365 1591 467 1642 τοὺς
496 1593 674 1648 Μηῗδους
707 1590 919 1648 ἠνάγκασε
952 1593 994 1634 ἓν
1031 1591 1231 1644 πόλισμα
1262 1590 1454 1645 ποιήσα-

82 1666 196 1705 σθαι
220 1663 291 1704 καὶ
316 1665 446 1703 τοῦτο
473 1660 834 1714 περιστέλλοντας
859 1664 944 1703 τῶν
972 1657 1113 1702 ἄλλων
1148 1658 1273 1701 ἕσσον
1301 1657 1454 1712 ε’πιμέ-

81 1731 257 1773 λεσθαι.
296 1727 576 1782 πειθομένων
603 1728 648 1770 δὲ
675 1729 745 1770 καὶ
766 1732 903 1770 ταῦτα
922 1731 1008 1770 τῶν
1029 1727 1189 1783 Μήδων
1210 1726 1453 1779 οἰκοδομέει

80 1803 225 1851 τείχεα
255 1797 422 1852 μεγάλα
454 1812 499 1838 τε
530 1797 602 1838 καὶ
626 1797 832 1852 καρτερά,
872 1800 1008 1838 ταῦτα
1040 1794 1094 1837 τὰ
1125 1799 1195 1839 νῦν
1217 1792 1454 1850 Ἀγβάτανα

81 1868 299 1921 κέκληται,
337 1864 479 1920 ἕτερον
511 1863 642 1920 ἑτέρῳ
675 1864 814 1919 κύκλῳ
851 1863 1101 1906 ἐνεστεῶτα.
1156 1862 1454 1918 μεμηχάνηται

83 1935 130 1976 δὲ
157 1931 269 1976 οὕτω
295 1936 424 1975 τοῦτο
450 1930 499 1974 τὸ
525 1940 667 1984 τεῖχος
694 1928 805 1975 ὥστε
827 1929 849 1975 ὁ
874 1931 1019 1988 ἕτερος
1037 1934 1113 1973 τοῦ
1136 1930 1281 1986 ἑτέρου
1303 1930 1454 1980 κύκλος

81 2010 201 2045 τοῖσι
225 2004 511 2056 προμαχεῶσι
535 1997 740 2054 μούνοισί
766 1999 858 2043 ἐστι
884 1998 1169 2056 ὑψηλότερος.
1213 1997 1262 2042 τὸ
1282 2001 1359 2052 μέν
1378 1997 1452 2039 κου’

81 2088 125 2112 τι
156 2070 228 2112 καὶ
258 2068 307 2112 τὸ
337 2072 497 2126 χωρίον
530 2072 769 2122 συμμαχέει
799 2067 988 2119 κολωνὸς
1021 2066 1101 2111 ἐών
1134 2064 1247 2110 ὥστε
1279 2069 1454 2109 τοιοῦτο

84 2136 212 2190 εἶναι,
251 2135 301 2181 τὸ
336 2137 381 2180 δὲ
412 2138 484 2179 καὶ
513 2137 679 2190 μᾶλλόν
709 2154 753 2180 τι
784 2136 1058 2193 ἐπετηδεύθη
1096 2136 1259 2178 κύκλων
1298 2133 1455 2177 ἐόντων

83 2210 169 2248 τῶν
196 2205 481 2249 συναπάντων
508 2204 640 2257 ἑπτά,
675 2204 717 2248 ἐν
744 2205 791 2247 δὲ
815 2209 875 2261 τῳ
902 2206 1135 2260 τελευταίῳ
1162 2202 1216 2246 τὰ
1246 2200 1456 2258 βασιλήια

87 2273 225 2316 ἔνεστι
249 2275 321 2316 καὶ
348 2273 389 2316 οἱ
409 2277 644 2330 θησαυροί.
682 2271 731 2316 τὸ
754 2273 800 2315 δὲ
821 2271 962 2315 αὐτῶν
980 2271 1184 2327 μέγιστόν
1207 2270 1299 2313 ἐστι
1316 2278 1457 2323 τεῖχος

86 2340 195 2383 κατὰ
220 2340 294 2384 τὸν
315 2339 529 2397 Ἀθηνέων
554 2341 705 2384 κύκλον
730 2341 923 2395 μάλιστά
948 2358 998 2397 κῃ
1030 2339 1080 2383 τὸ
1113 2339 1324 2395 μέγαθος.
1379 2342 1457 2381 τοῦ

86 2410 162 2463 μὲν
190 2407 240 2464 δὴ
267 2409 445 2463 πρώτου
472 2409 626 2451 κύκλου
655 2408 697 2451 οἱ
722 2407 1029 2466 προμαχεῶνές
1062 2407 1147 2450 εἰσι
1179 2409 1339 2456 λευκοί,
1378 2409 1456 2448 τοῦ

88 2478 135 2519 δὲ
157 2475 356 2532 δευτέρου
377 2476 567 2531 μέλανες,
595 2480 741 2533 τρίτου
765 2477 810 2518 δὲ
825 2476 977 2518 κύκλου
995 2479 1222 2532 φοινίκεοι,
1250 2473 1455 2529 τετάρτου

88 2545 137 2588 δὲ
173 2544 365 2597 κυάνεοι,
410 2543 613 2598 πέμπτου
654 2545 699 2587 δὲ
737 2544 1057 2601 σανδαράκινοι,
1126 2540 1238 2585 οὕτω
1281 2542 1458 2585 πάντων

87 2617 174 2656 τῶν
199 2613 360 2655 κύκλων
387 2612 428 2655 οἱ
453 2616 760 2669 προμαχεῶνες
785 2609 1044 2668 ἠνθισμένοι
1065 2610 1151 2654 εἰσὶ
1171 2607 1457 2668 φαρμάκοισι.

91 2681 168 2724 δύο
202 2681 248 2724 δὲ
280 2680 321 2723 οἱ
353 2682 595 2723 τελευταῖοι
627 2680 710 2723 εἰσὶ
744 2678 767 2723 ὁ
799 2681 876 2734 μὲν
908 2678 1318 2736 καταργυρωμένους
1357 2676 1378 2721 ὁ
1414 2679 1460 2720 δὲ

91 2748 546 2806 κατακεχρυσωμένους
573 2749 678 2802 ἔχων
709 2747 810 2799 τοὺς
841 2751 1168 2805 προμαχεῶνας.
1224 2750 1360 2789 ταῦτα
1384 2747 1460 2800 μὲν
1483 2760 1517 2785 99
