1794 3282
242 1280 275 1304 40

300 246 382 288 194
705 251 1019 287 ΗΡΟΔΟΤΟΥ
1049 252 1088 285 Γ.
1114 252 1258 287 39-41.

295 323 593 379 Πανταγνώτῳ
613 323 685 363 καὶ
698 322 946 363 Συλοσῶντι
967 318 1117 373 ἔνειμε,
1144 319 1253 374 μετὰ
1274 321 1320 364 δὲ
1338 320 1412 365 τὸν
1430 322 1506 376 μὲν
1522 320 1664 364 αὐτῶν

298 390 557 439 ἀποκτείνας
574 387 648 431 τὸν
670 388 715 430 δὲ
734 387 941 443 νεώτερον
954 388 1216 430 Συλοσῶντα
1237 387 1441 440 ἐξελάσας
1461 389 1555 442 ἔσχε
1575 393 1665 432 πᾶ-

298 475 377 501 σαν
395 457 555 510 Σάμον,
583 456 714 509 ἰ’σχων
742 455 788 498 δὲ
814 456 969 510 ξεινίην
983 452 1135 508 Ἀμάσι
1158 460 1220 511 τῷ
1239 455 1465 511 Αἰγύπτου
1491 458 1666 511 βασιλέϊ

298 524 587 580 συνεθήκατο,
626 526 814 577 πέμπων
845 539 892 565 τε
919 523 1039 579 δῶρα
1063 524 1136 565 καὶ
1168 523 1393 576 δεκόμενος
1425 522 1534 566 ἄλλα
1559 521 1661 578 παρ’

298 592 472 635 ἐκείνου.
535 590 576 633 ἓν
601 591 739 647 χρόνῳ
768 591 812 633 δὲ
839 588 969 646 ὀλίγῳ
997 587 1151 632 αὐτίκα
1182 595 1259 633 τοῦ
1285 591 1584 647 Πολυκράτεος
1608 589 1665 633 τὰ

296 659 530 715 πρήγματα
557 656 710 710 αὔξετο
736 660 805 701 καὶ
832 652 881 714 ἧν
905 662 1132 712 βεβωμένα
1153 656 1233 701 ἇνά
1259 674 1305 700 τε
1324 657 1398 714 τὴν
1415 655 1574 714 Ἰωνίην
1592 659 1665 700 καὶ

295 726 370 783 την
385 724 725 782 ἅλληνἙλλάδα·
752 723 948 781 ὅκουγὰρ
969 725 1141 768 ἰθύσειε
1161 726 1494 783 στρατεύεσθαι,
1522 725 1667 768 πάντα

298 795 339 837 οἱ
366 793 521 849 ἐχώρεε
553 792 774 847 εὐτυχέως.
830 797 1004 850 κέκτητο
1038 794 1084 836 δὲ
1109 797 1468 850 πεντηκοντέρους
1497 809 1544 836 τε
1570 792 1667 835 ἕκα-

300 862 374 905 τὸν
400 863 471 904 καὶ
493 863 660 915 χιλίους
685 861 880 914 τοξότας.
943 861 1070 918 ἔφερε
1097 861 1143 903 δὲ
1167 863 1239 903 καὶ
1264 855 1337 916 ἦγε
1362 861 1541 912 πάντας,
1571 861 1667 903 δια-

296 934 448 984 κρίνων
470 927 642 972 οὐδένα·
669 934 730 985 τῷ
749 930 829 987 γὰρ
851 931 966 986 φίλῳ
988 928 1069 986 ἔφη
1089 932 1350 985 χαριέεσθαι
1368 930 1532 983 μᾶλλον
1553 925 1667 970 ἄπο-

299 996 446 1047 διδοὺς
471 996 525 1039 τὰ
551 996 677 1051 ἔλαβε
703 995 727 1053 ἢ
755 995 883 1054 ἀρχὴν
907 997 1016 1053 μηδὲ
1041 997 1198 1051 λαβών.
1238 995 1393 1049 συχνὰς
1411 997 1488 1050 μὲν
1510 994 1559 1051 δὴ
1581 998 1666 1037 τῶν

297 1064 436 1120 νήσων
463 1061 702 1120 ἀραιρήκεε,
731 1064 874 1108 πολλὰ
901 1065 947 1107 δὲ
971 1066 1043 1106 καὶ
1067 1068 1143 1120 τῆς
1168 1062 1350 1120 ἠπείρου
1378 1061 1530 1106 ἄστεα·
1558 1062 1599 1105 ἓν
1620 1062 1667 1105 δὲ

300 1131 350 1187 δὴ
377 1133 448 1174 καὶ
473 1136 689 1185 Λεσβίους
714 1136 984 1188 πανστρατιῇ
1009 1135 1264 1186 βωθέοντας
1282 1133 1540 1186 Μιλησίοισι
1564 1147 1667 1173 ναυ-

298 1203 430 1255 μαχίῃ
461 1200 678 1255 κρατήσας
709 1199 814 1242 εἷλε·
854 1202 897 1242 οἳ
926 1199 1001 1255 τὴν
1031 1199 1198 1256 τάφρον
1230 1200 1332 1255 περὶ
1363 1198 1412 1241 τὸ
1448 1207 1589 1251 τεῖχος
1613 1197 1663 1240 τὸ

300 1265 342 1308 ἐν
366 1267 501 1322 Σάμῳ
527 1271 675 1310 πᾶσαν
702 1267 921 1320 δεδεμένοι
947 1265 1127 1322 ὤρυξαν.
1187 1271 1259 1308 καί
1283 1283 1367 1317 κως
1398 1265 1470 1309 τὸν
1491 1264 1666 1319 Ἄμασιν

300 1331 507 1387 εὐτυχέων
532 1334 729 1389 μεγάλως
761 1332 782 1376 ὃ
808 1334 1085 1390 Πολυκράτης
1112 1331 1188 1376 οὗκ
1220 1333 1451 1384 ἐλάνθανε,
1487 1331 1596 1376 ἀλλά
1623 1332 1666 1375 οἱ

298 1399 417 1443 τοῦτ’
440 1395 489 1457 ἦν
521 1401 733 1455 ἐπιμελές.
800 1403 950 1456 πολλῷ
989 1402 1035 1443 δὲ
1073 1401 1136 1443 ἔτι
1172 1401 1356 1451 πλεῦνός
1394 1400 1436 1442 οἱ
1472 1399 1666 1456 εὐτυχίης

299 1472 520 1525 γινομένης
549 1468 725 1525 γράψας
757 1467 799 1518 ἐς
828 1470 997 1522 βιβλίον
1033 1468 1138 1510 τάδε
1170 1466 1391 1510 ἐπέστειλε
1429 1467 1472 1518 ές
1503 1468 1664 1521 Σάμον.

301 1533 505 1590 ((Ἀμασις
529 1535 798 1590 Πολυκράτεϊ
829 1529 914 1577 ὦδε
946 1537 1073 1591 λέγει.
1134 1532 1210 1590 ἡδὺ
1243 1535 1319 1588 μὲν
1350 1535 1666 1578 πυνθάνεσθαι

303 1602 438 1659 ἄνδρα
469 1605 597 1659 φίλον
628 1604 699 1644 καὶ
732 1605 866 1654 ξεῖνον
899 1597 943 1645 εὖ
982 1603 1255 1659 πρήσσοντα·
1293 1601 1390 1656 ἐμοὶ
1428 1602 1475 1644 δὲ
1511 1602 1557 1644 αἱ
1594 1605 1669 1645 σαὶ

300 1671 485 1726 μεγάλαι
511 1668 704 1723 εὐτυχίαι
731 1668 806 1712 οὐκ
827 1668 1069 1725 ἀρέσκουσι,
1099 1670 1372 1725 ἐπισταμένῳ
1392 1668 1442 1712 τὸ
1462 1674 1588 1713 θεῖον
1609 1668 1668 1720 ῶς

302 1738 395 1781 ἔστι
422 1738 661 1795 φθονερόν·
693 1742 765 1780 καί
794 1755 878 1789 κως
903 1738 1120 1791 βούλομαι
1150 1740 1223 1780 καὶ
1249 1735 1379 1788 αὐτὸς
1403 1739 1475 1780 καὶ
1504 1741 1590 1780 τῶν
1617 1735 1668 1780 ἂν

301 1807 501 1862 κήδωμαι
524 1805 574 1848 τὸ
599 1810 676 1860 μέν
702 1823 743 1848 τι
770 1803 978 1859 εὐτυχέειν
1003 1810 1088 1848 τῶν
1109 1806 1374 1862 πρηγμάτων
1393 1804 1442 1848 τὸ
1465 1805 1511 1847 δὲ
1529 1820 1669 1859 προσ-

302 1879 488 1925 πταίειν,
516 1875 587 1916 καὶ
614 1870 726 1916 οὕτω
750 1873 972 1930 διαφέρειν
992 1872 1064 1916 τὸν
1087 1873 1225 1916 αἰῶνα
1246 1872 1428 1925 ἐναλλὰξ
1445 1873 1666 1929 πρήσσων,

302 1939 327 1996 ἢ
355 1939 565 1993 εὐτυχέειν
584 1940 638 1983 τὰ
657 1941 814 1984 πάντα.
860 1938 1014 1983 οὖδένα
1033 1941 1112 1995 γάρ
1138 1957 1197 1982 κω
1219 1941 1332 1996 λόγῳ
1361 1938 1460 1983 οἶδα
1481 1939 1669 1990 ἀκούσας

303 2005 423 2058 ὅστις
450 2007 492 2058 ἐς
516 2010 638 2058 τέλος
665 2006 713 2050 οὗ
739 2012 879 2058 κακῶς
906 2007 1153 2063 ἐτελεύτησε
1179 2008 1431 2065 πρόρριζος,
1460 2005 1668 2059 εὐτυχέων

302 2074 356 2117 τὰ
382 2075 538 2117 πάντα.
580 2074 631 2117 σὺ
659 2069 716 2117 ῶν
741 2079 813 2117 νῦν
840 2074 936 2127 ἐμοὶ
962 2076 1230 2128 πειθόμενος
1255 2079 1440 2129 ποίησον
1459 2073 1571 2129 πρὸς
1589 2073 1668 2124 τὰς

304 2140 499 2195 εὐτυχίας
524 2142 692 2184 τοιάδε·
720 2146 957 2198 φροντίσας
981 2141 1030 2184 τὸ
1058 2139 1108 2184 ἂν
1134 2139 1258 2198 εὕρῃς
1279 2141 1348 2183 ἐόν
1368 2158 1437 2184 τοι
1457 2143 1665 2184 πλείστου

304 2207 423 2261 ἄξιον
447 2211 520 2251 καὶ
546 2207 611 2252 ἐπ’
629 2203 663 2265 ᾦ
690 2208 741 2252 σὺ
769 2208 1026 2265 ἀπολομένῳ
1053 2210 1245 2263 μάλιστα
1270 2208 1346 2264 τὴν
1371 2207 1512 2265 ψυχὴν
1539 2206 1670 2265 ἀλγή-

304 2293 411 2328 σεις,
444 2281 573 2319 τοῦτο
600 2275 799 2331 ἀπόβαλε
831 2275 944 2319 οὕτω
978 2274 1088 2328 ὅκως
1119 2280 1270 2332 μηκέτι
1302 2273 1393 2331 ἥςει
1425 2275 1467 2326 ἒς
1493 2274 1671 2332 ἀνθρώ-

303 2361 427 2395 πους.
488 2341 537 2400 ἤν
567 2360 613 2386 τε
643 2343 700 2401 μὴ
735 2343 917 2396 ἐναλλὰξ
947 2343 1025 2401 ἤδη
1056 2343 1182 2387 τώπὸ
1209 2344 1365 2387 τούτου
1400 2344 1446 2386 αἱ
1477 2342 1670 2397 εὐτυχίαι

302 2411 618 2468 τῇσιπάθῃσι
636 2415 972 2469 προσπίπτωσι,
1006 2413 1158 2469 τρόπῳ
1191 2417 1253 2468 τῴ
1286 2412 1332 2464 ἐξ
1361 2411 1462 2465 ἐμεῦ
1493 2409 1670 2455 ὑποκει-

302 2483 415 2535 μένῳ
443 2477 584 2522 ἇκέο.”
635 2483 772 2522 ταῦτα
799 2479 1105 2534 ἐπιλεξάμενος
1131 2477 1153 2523 ὃ
1180 2479 1459 2536 Πολυκράτης
1483 2480 1555 2522 καὶ
1580 2479 1666 2534 νόῳ

304 2546 446 2601 λαβὼν
479 2543 538 2598 ὥς
569 2547 611 2589 οἱ
648 2541 692 2590 εὖ
729 2545 994 2590 ὗποτίθοιτο
1022 2546 1214 2602 Ἀλιιασις,
1256 2547 1422 2603 ἐδίζητο
1455 2545 1527 2590 ἐπ’
1550 2540 1584 2602 ᾦ
1617 2544 1668 2588 ἂν

303 2615 493 2667 μάλιστα
522 2613 597 2670 τὴν
628 2613 768 2671 ψυχὴν
794 2613 983 2670 ἀσηθείη
1017 2613 1275 2671 ἀπολομένῳ
1303 2619 1388 2658 τῶν
1420 2615 1664 2669 κειμηλίων,

306 2682 527 2738 διζήμενος
565 2680 603 2724 δ’
627 2678 795 2738 εὕρισκε
829 2683 943 2725 τόδε.
1009 2676 1060 2738 ἧν
1096 2682 1139 2724 οἱ
1176 2685 1360 2739 σφρηγὶς
1400 2680 1474 2737 τὴν
1511 2680 1666 2736 ἐφόρεε

304 2750 578 2805 χρυσόδετος,
619 2749 869 2805 σμαράγδου
907 2750 983 2804 μὲν
1019 2751 1150 2792 λίθου
1190 2749 1337 2801 ἐοῦσα,
1378 2749 1498 2805 ἔργον
1535 2747 1581 2789 δὲ
1618 2741 1667 2802 ἧν
