1794 3282
176 246 329 274 XLVIII
687 248 918 276 ADNOTATIO
946 247 1116 274 CRITICA.

427 323 586 354 Scripturae
600 324 684 349 huius
699 324 833 355 exempli.
1187 323 1311 355 exempli
1324 322 1563 348 Weidmannlaui.

351 377 381 406 2.
407 371 578 414 Άσβύται
594 371 676 405 MF.
1117 370 1308 416 Ἀσβύσται
1327 370 1435 406 STA.

200 445 304 467 —⁴,
349 426 378 456 2.
406 417 509 457 οὗτοι
521 422 565 456 τό
580 421 652 456 ST.
683 421 829 466 Reliqui
843 423 1013 456 omittunt
1025 422 1081 456 τό.

174 488 205 509 ρ.
224 470 380 518 172,17.
405 475 495 509 Post
511 473 664 508 τούτους
681 472 882 517 interposui
897 472 1081 516 ὀμνύουσι.
1117 473 1270 509 τούτους

174 538 204 560 c.
224 520 316 570 180,
353 532 382 560 7.
408 525 474 567 τὴν
490 544 534 548 -
552 521 726 565 καλέομεν
742 523 838 556 libri.
1121 523 1202 566 [τὴν
1218 543 1264 548 ——
1280 523 1484 566 καλέομεν]

174 571 379 621 c.184,15.
407 577 517 610 τοῦτο
546 572 614 607 τὸν
642 577 746 606 κιόιά
769 573 854 607 libri
881 576 1028 619 praeter
1051 573 1081 607 F
1118 576 1229 607 τοῦτο
1246 573 1314 607 τὸν
1330 578 1446 608 κίονα.

432 627 579 669 (τοῦτον
596 624 687 666 τόν).

172 689 203 711 c.
224 671 310 715 185,
327 681 379 712 10.
407 680 466 710 καὶ
484 679 523 711 ἐς
539 676 736 719 μεσόγαιαν
754 674 868 709 MPF.

173 740 203 761 c¹
224 721 318 772 187,
350 732 381 762 8.
408 728 519 773 οἴσπῃ
536 724 689 759 MPFK.
1119 725 1254 771 οἱούπῃ
1272 723 1381 760 SAT.

196 801 302 822 ——,
325 782 378 812 16.
404 779 539 824 τράγου
558 776 600 810 F.
1117 776 1253 823 τράγου
1271 777 1338 822 γάρ
1357 774 1494 810 MPKS
1512 774 1587 810 alii.

173 840 201 863 c.
220 822 314 873 189,
347 833 378 863 5.
404 829 449 862 τὰ
467 828 507 861 δέ
523 827 619 861 libri.
1117 827 1163 860 τά
1178 840 1229 873 γε.

196 900 303 924 ——,
326 884 378 912 11.
406 883 445 913 ἐν
475 879 584 921 ἱροῖσι
612 878 777 923 plerique
806 877 901 912 libri.
951 877 1013 912 ἐπ’
1034 877 1081 923 ἱρ.
1118 880 1158 911 ἐν
1175 877 1295 924 ἱροῖσι.

172 991 202 1015 C.
223 974 380 1024 191,11.
406 982 557 1026 ἑσπέρης
575 978 648 1015 SV.
682 981 837 1025 ἑσπέρην
854 978 1007 1013 MPKF.

197 1052 303 1073 —,
328 1034 379 1065 18.
407 1030 667 1074 ἀκατάψευστα
683 1029 778 1064 libri.

172 1093 203 1115 c.
222 1075 314 1125 195,
349 1085 378 1114 2.
404 1081 567 1126 Κύραυιν
601 1079 708 1114 SAT.
763 1081 934 1126 Κυραύην
966 1080 1081 1115 MPF.

429 1131 623 1172 Κυοαύιιήν
639 1130 686 1164 K.

173 1193 203 1216 e.
222 1175 315 1226 199,
350 1186 380 1215 5.
406 1163 551 1216 τούτων
569 1180 612 1215 δέ
626 1180 699 1216 SV.
725 1182 869 1214 τούτων
886 1196 924 1215 τε
937 1182 1079 1226 reliqui.
1117 1182 1262 1215 τούτων
1279 1195 1328 1215 τε.

428 1233 574 1266 τούτων
590 1246 630 1265 τε
647 1230 690 1275 δή
707 1230 931 1278 Wesseling.
966 1232 1080 1267 Recte

428 1287 470 1317 ut
485 1283 641 1317 videtur.

173 1344 206 1368 c.
219 1327 316 1379 203,
327 1338 378 1367 12.
406 1332 685 1379 ἀποδραμόντες
697 1347 736 1367 τε
745 1330 834 1367 ὅσον
847 1347 886 1367 τε
894 1333 976 1368 MP.
987 1333 1079 1367 ἀπο-

433 1384 631 1430 δραμόντες
649 1398 687 1418 τε
706 1382 794 1419 ὅσον
810 1383 852 1417 F.
887 1383 1020 1430 ἄποδρ.
1039 1383 1078 1418 δὲ

429 1432 518 1469 ὅσον
536 1435 571 1470 S.
