1794 3282
258 272 342 313 246
685 275 998 311 ΗΡΟΔΟΤΟΥ
1028 276 1068 308 Δ.
1094 276 1194 311 2-5.

261 350 384 406 γάλα,
412 349 482 389 καὶ
506 345 556 388 τὸ
581 346 656 399 μὲν
684 342 814 387 αὐτοῦ
842 343 1127 397 ἐπιστάμενον
1154 342 1453 400 ἀπαρύσαντες
1473 342 1618 400 ἡγέον-

262 433 335 458 ται
355 413 464 456 εἶναι
482 412 751 468 τιμιώτερον,
776 410 825 453 τὸ
847 409 887 453 δ’
904 409 1196 464 ὑπιστάμενον
1216 410 1340 454 ἕσσον
1359 416 1436 454 τοῦ
1457 411 1616 467 ἑτέρου.

260 482 424 524 τούτων
459 481 535 534 μὲν
572 480 726 522 εἵνεκεν
763 475 936 521 ἅπαντα
972 476 1046 521 τὸν
1083 475 1134 520 ἂν
1171 478 1340 532 λάβωσι
1376 478 1418 521 οἱ
1447 479 1620 521 Σκύθαι

220 562 236 586 3
264 548 540 604 ἐκτυφλοῦσι·
573 544 622 589 οὗ
648 545 728 603 γὰρ
756 544 911 602 ἀρόται
937 544 1021 588 εἰσὶ
1053 542 1162 587 ἀλλὰ
1191 545 1387 599 νομάδες.
1449 545 1493 588 ἐκ
1522 545 1618 587 τού-

260 632 344 657 των
372 613 420 670 δὴ
449 608 507 656 ὦν
533 629 614 670 σφι
638 618 723 656 τιῦν
751 613 913 655 δούλων
943 614 1015 654 καὶ
1045 616 1129 654 τῶν
1154 616 1362 666 γυναικιῦν
1395 611 1618 668 ἐπετράφη

260 682 420 738 νεότης,
451 684 493 724 οἳ
518 679 661 723 ἐπείτε
689 680 855 734 ἔμαθον
880 679 953 736 τὴν
976 682 1185 736 σφετὸέρην
1204 683 1377 734 γένεσιν,
1406 677 1619 735 ἠντιεῦντο

263 747 434 792 αὐτοῖσι
470 752 668 791 κατιοῦσι
705 747 748 790 ἐκ
786 751 870 789 τιῦν
900 746 1071 802 Μήδων.
1138 748 1210 788 καὶ
1246 750 1402 802 πρῶτα
1436 746 1512 799 μὲν
1547 744 1621 801 τὴν

259 817 400 873 χώρην
433 814 725 870 ἀπετάμοντο,
759 815 926 871 τάφρον
959 812 1216 868 ὀρυξάμενοι
1247 812 1395 869 εὐρέαν
1426 816 1622 855 κατατεί-

263 899 418 927 νουσαν
450 882 493 925 ἐκ
517 887 602 925 τιῦν
632 885 849 938 Ταυρικῶν
876 878 1036 937 οὐρέων
1069 879 1111 931 ἐς
1141 879 1215 935 τὴν
1241 885 1427 936 Μαιῆτιν
1459 881 1618 934 λίμνην,

262 953 422 1008 τῇπέρ
450 949 541 993 ἐστι
563 954 762 1005 μεγίστη·
810 947 919 1002 μετὰ
957 948 1002 989 δὲ
1039 951 1359 1003 πειρεομένοισι
1402 946 1622 1000 ἐσβάλλειν

264 1026 380 1060 τοῖσι
410 1020 608 1073 Σκύθῃσι
640 1014 1007 1068 ἀντικατιζόμενοι
1039 1014 1261 1069 ἐμάχοντο.
1322 1018 1543 1070 γινομένης
1577 1014 1623 1055 δὲ

264 1085 402 1139 μάχης
427 1084 636 1133 πολλάκις
662 1085 731 1124 καὶ
759 1080 807 1124 οῦ
836 1083 1078 1135 δυναμένων
1106 1080 1227 1124 οῦδὲν
1253 1083 1385 1124 πλέον
1411 1081 1518 1134 ἐ’χειν
1539 1084 1622 1122 τῶν

264 1150 469 1194 Σκυθέων
494 1154 546 1207 τῇ
571 1150 698 1205 μάχῃ,
728 1148 789 1199 εἷς
815 1147 954 1191 αῦτιῦν
981 1148 1094 1200 ἔλεξε
1113 1149 1229 1192 τάδε.
1275 1146 1382 1190 “offa
1402 1151 1619 1200 ποιεῦμεν,

266 1216 415 1275 ἄνδρες
428 1218 617 1260 Σκύθαι·
645 1217 840 1259 δούλοισι
859 1225 975 1258 τοῖσι
990 1214 1235 1272 ἡμετέροισι
1249 1216 1484 1269 μαχόμενοι
1500 1212 1624 1257 αὐτοί

263 1301 310 1328 τε
336 1285 563 1334 ἐλάσσονες
583 1285 844 1337 κτεινόμενοι
863 1281 1078 1338 γινόμεθα
1099 1284 1170 1325 καὶ
1190 1283 1373 1333 ἐκείνους
1392 1286 1623 1332 κτείνοντες

266 1352 509 1395 ἐλασσόνων
534 1350 582 1392 τὸ
608 1349 764 1393 λοιπὸν
791 1348 988 1404 ἄρξομεν.
1026 1354 1096 1392 νῦν
1123 1344 1181 1392 ὦν
1206 1366 1282 1403 μοι
1309 1350 1445 1392 δοκέει
1467 1348 1624 1403 αἰχμὰς

264 1420 340 1473 μὲν
364 1420 435 1460 καὶ
459 1418 565 1469 τόξα
589 1425 792 1471 μετεῖναι,
821 1417 1009 1470 λαβόντα
1030 1417 1074 1458 δὲ
1095 1416 1273 1459 ἕκαστον
1291 1420 1367 1458 τοῦ
1387 1416 1530 1458 ἵππου
1550 1414 1624 1471 τὴν

265 1486 456 1540 μάστιγα
482 1483 589 1526 ἰέναι
615 1477 749 1526 ἆσσον
776 1481 929 1526 αὐτῶν.
978 1482 1101 1539 μέχρι
1125 1484 1201 1536 μὲν
1225 1482 1306 1539 γὰρ
1334 1480 1467 1539 (ῧρεον
1492 1481 1625 1538 ἡμέας

266 1550 382 1595 ὅπλα
420 1551 609 1604 ἔχοντας,
651 1551 692 1592 οἱ
724 1551 769 1592 δὲ
801 1549 994 1604 ἐνόμιζον
1026 1548 1173 1603 ὁμοῖοί
1201 1566 1248 1593 τε
1278 1552 1349 1592 καὶ
1387 1550 1433 1602 ἐξ
1462 1548 1624 1604 ὁμοίων

268 1617 366 1674 ἡμῖν
393 1616 522 1660 εἶναι·
556 1616 686 1661 ἐπεὰν
713 1618 758 1659 δὲ
784 1618 962 1660 ἴδωνται
986 1618 1201 1673 μάστιγας
1233 1615 1318 1660 ἀντ’
1337 1614 1484 1660 ὅπλων
1511 1617 1625 1670 ’έχον-

266 1702 361 1737 τας,
401 1685 621 1739 μαθόντες
653 1682 711 1734 ὥς
742 1684 825 1726 εἶσὶ
860 1683 1057 1742 ἡμέτεροι
1089 1686 1237 1727 δοῦλοι
1267 1686 1339 1727 καὶ
1378 1685 1625 1740 συγγνόντες

227 1767 244 1791 4
268 1757 413 1804 τοῦτο,
448 1750 522 1795 οῦκ
548 1750 876 1805 ὕπομενέουσιῗ
933 1757 1071 1795 ταῦτα
1103 1750 1361 1803 ἀκούσαντες
1387 1752 1429 1794 οἱ
1453 1753 1626 1795 Σκύθαι

269 1820 441 1863 ἐποίευν
478 1818 697 1861 ἐπιτελέα·
741 1819 782 1862 οἱ
825 1817 864 1862 δ’
888 1819 1166 1875 ἐκπλαγέντες
1201 1824 1262 1875 τῴ
1305 1823 1511 1876 γινομένῳ
1549 1824 1625 1875 τῆς

267 1887 404 1943 μάχης
427 1903 474 1929 τε
500 1885 770 1929 ἐπελάθοντο
796 1888 866 1929 καὶ
893 1887 1086 1943 ἔφευγον.
1148 1884 1261 1930 οὕτω
1289 1887 1331 1929 οἱ
1355 1888 1526 1930 Σκύθαι
1551 1891 1626 1942 τῆς

267 1970 312 1996 τε
333 1952 472 2009 Ἀσίης
496 1947 638 2010 ἧρξαν,
671 1956 741 1996 καὶ
769 1953 1043 2005 ἐξελαθέντες
1075 1948 1197 2005 αὖτις
1229 1953 1317 1997 ὑπὸ
1343 1955 1501 2010 Μήδων
1527 1972 1626 1997 κατ-

268 2022 404 2075 ῆλθον
429 2020 579 2076 τρόπῳ
606 2022 790 2076 τοιούτῳ
824 2020 866 2071 ἐς
895 2020 969 2077 τὴν
996 2025 1219 2078 σφετέρην.
1278 2025 1364 2063 τιῦν
1395 2022 1441 2063 δὲ
1473 2022 1625 2064 εἵνεκεν

269 2086 291 2129 ὅ
335 2094 516 2141 Δαρεῖος
551 2091 766 2130 τίσασθαι
807 2088 1068 2141 βουλόμενος
1112 2089 1331 2143 συνήγειρε
1374 2086 1446 2131 ἐπ’
1472 2086 1625 2139 αὐτοὺς

271 2155 528 2210 στράτευμα.

230 2235 246 2261 5
350 2219 411 2272 Ὦς
449 2222 494 2264 δὲ
529 2222 701 2264 Σκύθαι
736 2223 925 2277 λέγουσι,
970 2222 1182 2265 νεώτατον
1221 2220 1423 2265 ἁπάντων
1461 2222 1623 2266 ἐθνέων

271 2287 380 2332 εἶναι
404 2288 452 2331 τὸ
480 2288 700 2345 σφέτερον,
733 2293 862 2331 τοῦτο
889 2290 935 2331 δὲ
960 2294 1166 2344 γενέσθαι
1193 2283 1290 2332 ὦδε.
1351 2287 1486 2346 ἄνδρα
1510 2293 1624 2345 γενέ-

271 2361 382 2400 σθαι
413 2360 586 2412 πρῶτον
619 2355 660 2398 ἐν
690 2359 740 2412 τῇ
774 2360 825 2413 γῇ
856 2357 990 2413 ταύτῃ
1025 2356 1153 2413 ἐούσῃ
1186 2356 1328 2413 ἐρήμῳ
1366 2361 1426 2413 τῷ
1465 2355 1627 2411 οὕνομα

272 2422 382 2467 εἶναι
417 2427 669 2479 Ταργίταον·
705 2428 781 2466 τοῦ
816 2424 862 2466 δὲ
892 2424 1129 2481 Ταργιτάου
1162 2425 1315 2467 τούτου
1347 2423 1448 2475 τοὺς
1478 2427 1629 2476 τοκέας

272 2494 442 2548 λέγουσι
468 2489 590 2541 εἶναι,
619 2490 715 2545 ἐμοὶ
739 2491 814 2545 μὲν
841 2488 889 2534 οὗ
911 2490 1047 2534 πιστὰ
1069 2494 1271 2547 λέγοντες,
1299 2493 1471 2547 λέγουσι
1498 2490 1538 2534 δ’
1556 2485 1626 2544 ὦν,

274 2563 358 2602 Δία
381 2576 427 2602 τε
451 2560 523 2601 καὶ
548 2562 846 2614 Βορυσθένεος
870 2563 947 2601 τοῦ
974 2564 1175 2613 ποταμοῦ
1201 2563 1435 2616 θργατὲρα.
1489 2562 1630 2615 γένεος

273 2628 348 2680 μὲν
377 2626 576 2669 τοιούτου
610 2626 660 2682 δή
691 2642 805 2677 τινος
835 2625 1041 2681 γενέσθαι
1078 2626 1152 2669 τὸν
1189 2630 1434 2683 Ταργίταον,
1474 2623 1628 2669 τούτου

276 2695 322 2736 δὲ
350 2697 555 2749 γενέσθαι
586 2694 750 2744 παῖδας
779 2702 911 2749 τρεῖς,
950 2694 1168 2746 Λιπόξαϊν
1204 2697 1272 2736 καὶ
1301 2692 1529 2749 Ἀρπόξαϊν
1559 2694 1631 2735 καὶ

274 2761 484 2804 νεώτατον
499 2761 726 2813 Κολάξαιν.
761 2760 834 2803 ἐπὶ
848 2760 1010 2804 τούτων
1027 2758 1280 2819 [ἀρχόντων]
1299 2761 1342 2804 ἐκ
1355 2765 1432 2804 τοῦ
1447 2758 1629 2816 οὐρανοῦ
