1794 3282
489 232 806 267 ΗΡΟΔΟΤΟΥ
835 232 878 266 Α.
904 231 959 266 90.
987 231 1041 265 91.
1396 222 1450 262 41.

89 302 313 347 ὀνειδίσαι.
373 305 515 355 Κῦρος
547 301 594 344 δὲ
624 302 810 357 γελάσας
841 298 937 344 εἷπε
964 298 1068 342 ακαὶ
1097 299 1252 343 τούτου
1284 299 1455 352 τεύξεαι

87 368 190 426 παρ’
214 369 334 424 ἐμεῦ,
374 376 556 426 Κροῖσε,
594 371 665 411 καὶ
697 368 828 412 ἄλλου
861 366 1025 419 παντὸς
1054 372 1131 410 τοῦ
1164 366 1214 411 ἂν
1251 367 1455 411 ἑκάστοτε

89 435 201 495 δέῃ.”
243 435 302 488 ὠς
322 437 369 479 δὲ
387 441 524 480 ταῦτα
543 434 698 493 ἤκουσε
720 435 956 494 ὁΚροῖσος,
985 439 1173 489 πέμπων
1192 440 1278 478 τῶν
1297 436 1454 479 Λυδῶν

88 506 131 557 ἐς
156 503 356 562 Δελφοὺς
382 504 619 548 ἐνετέλλετο
645 509 852 556 τιθέντας
875 504 953 556 τὰς
978 506 1116 556 πέδας
1148 504 1222 547 ἐπὶ
1246 508 1323 547 τοῦ
1350 508 1454 560 νηοῦ

87 573 160 617 τὸν
187 572 316 617 οὗδὸν
343 573 525 631 εἰρωτᾶν
551 573 590 616 εἰ
609 570 660 615 οὔ
678 591 722 615 τι
743 571 1049 626 ἐπαισχύνεται
1068 582 1185 616 τοῖσι
1204 576 1456 628 μαντηίοισι

89 641 300 697 ἐπαείρας
331 648 519 698 Κροῖσον
557 642 879 698 στρατεύεσθαι
917 640 991 683 ἐπὶ
1022 645 1194 698 Πέρσας
1231 638 1291 692 (ὃς
1325 657 1457 683 κατα-

88 711 317 753 παύσοντα
341 709 417 766 τὴν
441 709 584 763 Κύρου
619 710 816 763 δύναμιν,
856 707 930 752 ἀπ’
953 703 1002 765 ἧς
1034 709 1076 751 οἱ
1107 706 1341 764 ἀκροθίνια
1365 725 1457 751 τοι-

90 783 200 821 αῦτα
223 782 450 834 γενέσθαι,
479 777 722 827 δεικνύντας
746 776 824 827 τὰς
849 777 1005 827 πέδας·
1037 777 1175 819 ταῦτά
1201 793 1247 818 τε
1273 775 1457 832 ἐπειρω-

88 851 184 897 τᾶν,
223 847 296 887 καὶ
333 845 372 887 εἰ
409 843 685 901 ἀχαρίστοισι
721 845 854 897 νόμος
886 842 995 886 εἶναι
1031 852 1149 886 τοῖσι
1175 842 1458 899 Ἑλληνικοῖσι

87 919 253 957 θεοῖσι.
315 909 622 965 ἀπικομένοισι
656 912 702 953 δὲ
731 920 849 954 τοῖσι
880 912 1068 954 Λυδοῖσι
1098 913 1168 953 καὶ
1201 912 1374 966 λέγουσι
1404 910 1458 953 τὰ

90 981 371 1034 ἐντεταλμένα
400 977 475 1035 τὴν
500 983 673 1035 Πυθίην
705 981 873 1035 λέγεται
906 979 1044 1022 εἰπεῖν
1077 980 1194 1022 τάδε.
1247 977 1353 1035 (ετὴν
1379 995 1459 1022 πε-

89 1052 320 1106 πρωμένην
338 1055 496 1103 μοῖραν
511 1045 702 1090 ἀδύνατά
724 1047 816 1090 ἐστι
831 1045 1076 1104 ἀποφυγεῖν
1095 1049 1166 1089 καὶ
1180 1051 1288 1103 θεῷ.
1327 1054 1459 1102 Κροῖ-

91 1134 167 1168 σος
193 1117 239 1160 δὲ
264 1120 467 1166 πέμπτου
488 1119 634 1172 γονέος
655 1114 886 1173 ἁμαρτάδα
912 1115 1133 1172 ἐξέπλησε,
1163 1115 1210 1166 ὃς
1231 1114 1310 1158 ἐών
1332 1116 1460 1172 δορυ-

92 1183 543 1243 φόροςἩρακλειδέων
558 1185 671 1240 δόλῳ
687 1188 917 1240 γυναικηίῳ
934 1183 1230 1238 ἐπισπόμενος
1252 1183 1460 1240 ἐφόνευσε

90 1252 164 1297 τὸν
191 1253 407 1309 δεσπότην
432 1255 504 1295 καὶ
529 1252 623 1306 ἴσχε
648 1252 722 1308 την
749 1251 908 1295 ἐκείνου
935 1251 1061 1309 τιμὴν
1083 1250 1205 1295 οὐδέν
1227 1252 1268 1294 οἱ
1293 1252 1461 1308 προση-

91 1337 263 1364 κουσαν.
318 1324 684 1375 προθυμεομένου
718 1321 764 1363 δὲ
788 1322 958 1372 Λοξίεω
993 1317 1104 1371 ὅκως
1138 1318 1189 1363 ἂν
1220 1319 1330 1363 κατὰ
1361 1319 1463 1370 τοὺς

93 1391 259 1441 παῖδας
283 1388 386 1440 τοὺς
410 1393 600 1445 Κροίσου
627 1393 793 1445 γένοιτο
820 1388 868 1431 τὸ
895 1389 1094 1444 Σαρδίων
1119 1388 1273 1439 πάθος
1305 1390 1377 1431 καὶ
1402 1387 1460 1443 μὴ

93 1457 183 1502 κατ’
196 1456 325 1501 αὐτὸν
340 1464 539 1515 Κροῖσον,
563 1455 638 1500 ούκ
652 1456 745 1508 οἷός
764 1474 809 1500 τε
825 1456 989 1513 ἐγένετο
1010 1465 1278 1514 παραγαγεῖν
1291 1460 1461 1512 μοίρας.

95 1524 198 1570 ὅσον
225 1527 272 1569 δὲ
298 1525 507 1569 ἐνέδωκαν
533 1519 679 1577 αὗται,
710 1523 836 1582 ἤνυσέ
860 1542 906 1568 τε
931 1527 1003 1568 καὶ
1030 1524 1260 1581 ἐχαρίσατό
1283 1525 1344 1567 οἱ·
1364 1528 1464 1579 τρία

96 1594 176 1652 γὰρ
210 1594 308 1637 ἔτεα
346 1593 637 1648 ἐπανεβάλετο
674 1593 748 1650 τὴν
779 1594 976 1649 Σαρδίων
1009 1591 1189 1644 ἅλωσιν,
1228 1596 1300 1635 καὶ
1335 1597 1464 1635 τοῦτο

98 1662 362 1706 ἐπιστάσθω
378 1669 565 1717 Κροῖσος
586 1660 644 1713 ὡς
661 1660 835 1718 ὕστερον
855 1670 971 1704 τοῖσι
987 1661 1101 1704 ἔτεσι
1120 1661 1316 1703 τούτοισι
1335 1659 1467 1711 ἁλοὺς

96 1736 172 1787 τῆς
192 1734 492 1787 πεπρωμένης.
527 1730 705 1785 δεύτερα
720 1731 766 1773 δὲ
784 1730 949 1773 τούτων
964 1729 1177 1785 καιολιιένῳ
1194 1728 1311 1785 αύτῷ
1333 1729 1467 1785 ἐπήρ-

95 1815 206 1842 κεσε.
243 1797 352 1841 κατὰ
373 1798 487 1841 δὲτὸ
508 1799 716 1855 μαντήιον
736 1797 785 1841 τὸ
806 1799 1034 1853 γενόμενον
1063 1796 1138 1840 οὐκ
1161 1796 1311 1852 ὀρθῶς
1334 1804 1467 1852 Κροῖ-

98 1883 175 1917 σος
194 1866 427 1923 μέμφεται.
466 1867 734 1922 προηγόρειέ
754 1866 834 1921 γάρ
856 1866 1083 1921 οἱΛοξίης,
1114 1864 1160 1921 ἢν
1181 1866 1467 1922 στρατεύηται

98 1934 172 1977 ἐπὶ
188 1934 371 1990 Πέρσας,
392 1935 580 1990 μεγάλην
595 1932 725 1991 ἀρχὴν
746 1932 876 1976 αὐτὸν
897 1934 1165 1976 καταλύσειν.
1197 1932 1272 1976 τὸν
1290 1934 1336 1976 δὲ
1355 1933 1468 1990 πρὸς

96 2007 234 2045 ταῦτα
262 2006 365 2059 χρῆν
397 1996 442 2045 εὖ
473 2002 686 2056 μέλλοντα
723 2002 1020 2057 βουλεύεσθαι
1058 2001 1321 2057 ἐπείρεσθαι
1355 2001 1469 2056 πέμ-

97 2079 244 2126 ψαντα
269 2072 426 2127 κότερα
451 2069 525 2127 τὴν
552 2070 715 2114 ἑωυτοῦ
742 2069 767 2127 ’ἢ
801 2069 875 2126 τὴν
900 2070 1044 2126 Κύρου
1072 2070 1191 2126 λέγοι
1223 2068 1367 2126 ἀρχήν.
1419 2069 1467 2112 οὗ

100 2137 324 2194 συλλαβὼν
350 2139 396 2181 δὲ
420 2139 469 2181 τὸ
497 2140 630 2196 ῥηθὲν
657 2137 751 2181 οὐδ’
776 2138 1110 2195 ἐπανειρόμενος
1142 2137 1302 2181 ἑωυτὸν
1328 2139 1469 2181 αἴτιον

100 2206 398 2264 ἀποφαινέτω.
437 2211 497 2263 τῷ
518 2209 589 2250 καὶ
608 2207 658 2250 τὸ
679 2209 926 2250 τελευταῖον
945 2206 1348 2263 χρηστηριαζομένῳ
1372 2205 1469 2250 εἶπε

99 2275 154 2318 τὰ
180 2273 276 2318 εἷπε
302 2277 463 2331 Λοξίης
489 2278 591 2331 περὶ
616 2274 819 2332 ἡμιόνου,
855 2274 955 2318 οὐδὲ
986 2279 1116 2317 τοῦτο
1150 2274 1368 2328 συνέλαβε.
1419 2268 1470 2330 ἦν

100 2343 181 2399 γὰρ
214 2343 263 2400 δη
297 2341 319 2385 ὁ
346 2348 487 2398 Κῦρος
518 2337 646 2394 οὗτος
670 2341 868 2399 ἡμίονος·
907 2342 950 2385 ἐκ
981 2341 1061 2399 γὰρ
1095 2344 1207 2384 δυῶν
1234 2340 1310 2384 οὐκ
1341 2340 1471 2396 ὁμοε-

102 2410 243 2453 θνέων
270 2410 476 2466 ἐγεγόνεε,
504 2410 665 2467 μητρὸς
691 2410 914 2465 ἀλιιείνονος
943 2409 1111 2466 πατρὸς
1138 2411 1184 2452 δὲ
1212 2408 1472 2453 ὑποδεεστέ-

103 2492 199 2534 ρου·
243 2476 267 2535 ἡ
299 2479 374 2532 μὲν
404 2477 484 2535 γὰρ
515 2473 565 2534 ἧν
597 2479 736 2535 Μηδὶς
772 2481 843 2520 καὶ
869 2477 1121 2534 Ἀστυάγεος
1158 2479 1354 2534 θυγάτηρ
1392 2483 1470 2521 τοῦ

102 2547 262 2603 Μήδων
294 2546 516 2601 βασιλέος,
550 2544 572 2588 ὃ
601 2547 647 2589 δὲ
672 2546 841 2602 Πέρσης
871 2562 916 2588 τε
951 2540 996 2602 ἧν
1028 2548 1099 2587 καὶ
1133 2544 1369 2601 ἀρχόμενος
1395 2543 1468 2588 ὑπ’

104 2614 305 2658 ἐκείνοισι
330 2616 401 2657 καὶ
428 2614 578 2671 ἔνερθε
605 2613 685 2656 ἐιὺν
709 2623 826 2657 τοῖσι
847 2611 989 2656 ἅπασι
1011 2615 1217 2670 δεσποίνῃ
1236 2618 1287 2670 τῇ
1309 2613 1471 2660 ἑωυτοῦ

104 2681 332 2726 συνοίκεε.”
371 2687 510 2725 ταῦτα
534 2683 609 2736 μὲν
636 2680 658 2738 ἡ
680 2685 826 2738 Πυθίη
854 2680 1111 2738 ὑπεκρίνατο
1132 2690 1250 2725 τοῖσι
1269 2683 1471 2733 Λυδοῖσι,

105 2751 147 2794 οἱ
175 2752 220 2794 δὲ
247 2749 468 2808 ἀνήνεικαν
495 2750 537 2801 ἐς
563 2750 724 2806 Σάρδις
748 2752 819 2792 καὶ
853 2748 1115 2807 ἀπήγγειλαν
1140 2753 1336 2808 Κροίσῳ,
1370 2748 1393 2793 ὁ
1427 2751 1474 2792 δὲ

1482 925 1514 949 91
