1794 3282
216 801 265 827 11⁷

237 2754 286 2778 118

286 238 370 280 226
669 241 983 278 ΗΡΟΔΟΤΟΥ
1012 241 1053 275 Γ.
1078 241 1270 277 116—118.

288 316 368 369 ἔχω
397 312 496 358 οὐδὲ
520 317 649 355 τοῦτο
671 309 882 366 ἀτρεκέως
903 308 1038 361 εἶπαι,
1067 311 1235 365 λέγεται
1256 310 1302 353 δὲ
1320 308 1430 353 ὑπὲκ
1448 314 1534 353 τῶν
1552 326 1654 367 γρυ-

287 387 384 426 πεῦν
411 379 622 437 ἁρπάζειν
643 376 936 434 Ἀριμασποὺς
962 375 1120 433 ἄνδρας
1138 378 1529 435 μουνοφθάλμους·
1556 380 1654 420 πεί-

287 454 432 503 θομαι
448 448 494 490 δὲ
515 445 615 489 οὐδὲ
633 450 774 498 τοῦτο,
798 442 908 496 ὅκως
926 445 1270 502 μουνόφθαλμοι
1284 442 1434 502 ἄνδρες
1454 447 1651 503 φύονται,

289 517 421 573 φύσιν
452 514 618 568 ἔχοντες
647 513 723 570 τὴν
756 512 886 569 ἄλλην
923 510 1077 568 ὁμοίην
1112 520 1230 555 τοῖσι
1267 509 1441 556 ἄλλοισι
1478 512 1655 568 ἀνθρώ-

288 599 429 627 ποισι.
468 582 515 625 αἱ
540 580 579 625 δ’
598 575 693 625 ὦν3
676 583 872 635 εσχατιαὶ
894 580 1050 632 οίκασι,
1079 581 1410 636 περικληίουσαι
1428 579 1502 637 τὴν
1523 578 1653 636 άλλην

284 652 427 708 χώρην
451 652 524 693 καὶ
551 648 668 700 ἐντὸς
694 648 986 705 απέργουσαι,
1012 646 1067 690 τὰ
1091 648 1301 690 κάλλιστα
1327 645 1576 690 δοκέονταε
1553 656 1654 703 ημῖν

290 717 400 762 εἶναι
424 719 495 760 καὶ
522 716 808 760 σπανιώτατα
833 715 941 769 ε’χειν
967 713 1093 758 αὐτά.

364 783 486 829 Ἔστι
525 786 571 828 δὲ
613 785 765 828 πεδίον
804 801 845 827 εν
882 788 933 840 τῇ
968 781 1083 840 Ασίῃ
1121 782 1494 839 περικεκληιμένον
1539 779 1660 838 ούρεῑ

291 854 527 905 πάντοθεν,
558 852 800 910 διασφάγες
826 853 872 894 δὲ
896 856 972 894 τοῦ
1001 848 1152 907 οῧρεός
1179 851 1263 894 εἰσι
1283 853 1430 893 πέντε·
1456 854 1586 893 τοῦτο
1606 848 1656 892 τὸ

291 922 444 965 πεδίον
474 915 523 977 ἦν
547 920 624 975 μέν
649 936 746 963 κοτε
770 924 1048 975 Χορασμίων,
1084 918 1126 962 ἒν
1159 916 1330 974 οὕροισι
1361 917 1430 962 ἐὸν
1459 921 1546 960 τῶν
1570 923 1661 959 Χο-

293 992 488 1046 ρασμίων
513 1005 559 1031 τε
586 986 725 1031 αὐτῶν
751 985 1058 1042 καὶῪρ-κανίων
1082 988 1153 1028 καὶ
1174 986 1369 1040 Πάρθων
1393 987 1468 1028 καὶ
1490 993 1661 1041 Σαραγ-

293 1060 401 1112 γέων
426 1058 497 1098 καὶ
519 1059 787 1109 Θαμαναίων,
817 1054 960 1097 ἐπείτε
987 1055 1034 1097 δὲ
1054 1058 1220 1111 Πέρσαι
1246 1053 1390 1106 >έχουσι
1414 1051 1464 1095 τὸ
1490 1052 1658 1108 κράτος,

295 1124 386 1167 ἐστὶ
416 1127 493 1166 τοῦ
525 1125 741 1176 βασιλέος.
804 1122 848 1165 ἐκ
881 1121 930 1178 δὴ
965 1116 1023 1164 ὦν
1048 1126 1124 1164 τοῦ
1157 1123 1484 1178 περικληίοντος
1510 1117 1660 1176 οὔρεος

293 1192 461 1234 τούτου.
488 1192 575 1247 ῥέει
611 1188 812 1243 ποταμὸς
848 1193 999 1244 μέγας,
1047 1187 1210 1243 οὕνομα
1248 1189 1294 1231 δέ
1331 1188 1377 1231 οἵ
1411 1187 1503 1231 ἐστι
1529 1186 1660 1242 Ἄκης.

296 1253 421 1308 οὗτος
447 1258 658 1312 πρότερον
683 1258 759 1311 μὲν
786 1255 966 1313 ἄρδεσκε
989 1257 1325 1310 διαλελαμμένος
1345 1259 1557 1308 πενταχοῦ
1576 1258 1662 1296 τῶν

297 1326 528 1382 εἰρημένων
559 1325 724 1367 τούτων
754 1324 832 1375 τὰς
859 1325 1023 1378 χώρας,
1065 1322 1138 1366 διὰ
1176 1324 1422 1380 διασφάγος
1454 1321 1663 1378 ἀγόμενος

297 1394 477 1448 ἑκάστης
503 1391 738 1442 ἑκάστοισι,
768 1390 912 1433 ἐπείτε
939 1392 985 1433 δὲ
1008 1388 1096 1433 ὑπὸ
1123 1395 1183 1446 τῷ
1205 1390 1348 1447 Πέρσῃ
1371 1390 1467 1441 εἶσί,
1495 1390 1664 1432 πεπόν-

297 1465 413 1503 θασι
448 1459 636 1502 τοιόνδε·
678 1457 757 1508 τὰς
795 1459 1043 1515 διασφάγας
1080 1462 1165 1501 τῶν
1203 1456 1362 1511 οὐρέων
1405 1456 1603 1510 ἐνδείμας
1640 1455 1662 1499 5

296 1525 500 1583 βασιλευς
525 1525 711 1576 πύλας
694 1524 759 1568 εἰτ
778 1525 934 1583 ἑκάστῃ
963 1526 1214 1582 διασφάγι’
1203 1525 1373 1581 έστησε,
1404 1523 1663 1580 ἀποκεκληι-

296 1598 424 1649 μένου
464 1594 510 1636 δὲ
540 1598 617 1636 τοῦ
648 1590 808 1644 ύδατος
837 1610 915 1649 της
953 1594 1041 1645 διες
1026 1594 1150 1635 ζόδου
1188 1592 1237 1635 τὸ
1276 1593 1429 1636 πεδίον
1459 1591 1508 1636 τὸ
1547 1590 1666 1643 εντὸς

297 1666 383 1705 τῶν
411 1659 572 1717 οὗρέων
603 1662 792 1716 πέλαγος
822 1665 1003 1717 γίνεται,
1045 1660 1286 1711 ἐνδιδόντος
1316 1661 1392 1714 μὲν
1423 1665 1502 1703 τοῦ
1527 1676 1667 1703 ποτα-

297 1734 399 1784 μοῦ,
435 1729 604 1782 ἔχοντος
636 1729 682 1771 δὲ
715 1727 882 1786 οὖδαμῇ
916 1728 1126 1784 ἐξήλυσιν.
1189 1722 1312 1771 οὗτοι
1343 1722 1402 1771 ὦν
1433 1728 1560 1785 οἵπερ
1593 1727 1667 1781 ἒμ-

300 1802 477 1854 προσθε
509 1796 709 1840 ἐώθεσαν
737 1801 936 1852 χρᾶσθαι
967 1801 1027 1852 τῷ
1059 1793 1203 1848 ὕδατι,
1246 1795 1321 1839 οὐκ
1352 1795 1518 1849 ἔχοντες
1549 1793 1667 1851 αὐτῷ

298 1870 494 1922 χρᾶσθαι
523 1870 726 1921 συμφορῇ
751 1865 914 1920 μεγάλῃ
943 1864 1233 1919 διαχρέονται·
1265 1862 1339 1906 τὸν
1368 1864 1446 1918 μὲν
1475 1862 1556 1920 γὰρ
1579 1879 1669 1916 χει-

301 1949 424 1987 μωνα
457 1930 521 1975 ύει
557 1949 639 1989 σφι
671 1931 693 1975 5
726 1931 834 1982 θεὸς
865 1929 1014 1988 ὥσπερ
1045 1934 1116 1974 καὶ
1147 1940 1263 1974 τοῖσι
1290 1929 1462 1974 ἄλλοισι
1493 1928 1669 1987 ἀνθρώ-

303 2015 448 2050 ποισι,
487 2004 563 2041 τοῦ
599 2001 644 2041 δὲ
675 2004 832 2056 θέρεος
869 2003 1120 2080 σπείροντες
1155 2001 1327 2053 μελίνην
1363 2000 1435 2040 καὶ
1473 1998 1668 2053 σήσαμον

300 2070 577 2123 χρηίσκονται
602 2071 663 2108 τῶ
688 2064 827 2109 ύδατι.
889 2083 1019 2108 επεαν
1053 2068 1110 2108 ὠν
1141 2066 1272 2121 μηδέν
1299 2082 1381 2122 σφι
1411 2065 1669 2121 παραδιδῶ-

303 2150 376 2176 ται
405 2138 481 2177 τοῦ
513 2109 689 2184 ύδατός,
730 2132 933 2183 ἐλθόντες
966 2133 1008 2184 ἒς
1037 2131 1138 2183 τοίς
1163 2132 1333 2188 Πέρσας
1365 2130 1490 2175 αὖτοί
1519 2149 1566 2174 τε
1596 2134 1670 2174 καὶ

303 2210 514 2257 γυναῖκες,
555 2202 731 2251 στάντες
760 2200 869 2243 κατὰ
899 2199 976 2250 τὰς
1009 2201 1151 2255 θύρας
1176 2205 1252 2243 τοῦ
1282 2203 1486 2255 βασιλέος
1516 2204 1670 2255 βοεῦσι

306 2268 556 2325 ὠρυόμενοι,
586 2267 608 2310 5
630 2269 676 2310 δὲ
694 2267 897 2322 βασιλεὺς
916 2276 1033 2310 τοῖσι
1054 2268 1298 2321 δεομένοισι
1318 2266 1460 2311 αὗτιῦν
1479 2268 1670 2322 μάλιστα

306 2336 544 2378 ἐντέλλεται
576 2334 762 2391 ἀνοίγειν
792 2335 870 2386 τὰς
901 2336 1042 2386 πύλας
1078 2334 1155 2385 τὰς
1193 2334 1235 2386 ἐς
1270 2339 1401 2378 τοῦτο
1435 2336 1669 2392 φερούσας.

306 2402 436 2446 ἐπεὰν
463 2403 508 2445 δὲ
536 2403 736 2460 διάκορος
760 2401 784 2460 ἡ
810 2407 861 2459 γῆ
888 2419 1033 2459 σφεων
1058 2406 1229 2458 γένηται
1255 2406 1442 2446 πίνουσα
1466 2402 1516 2445 τὸ
1537 2399 1667 2459 ὕδωρ,

308 2465 437 2513 αὗται
466 2471 543 2524 μὲν
575 2470 621 2512 αἱ
656 2472 794 2513 πύλαι
830 2469 1158 2526 ἀποκληίονται,
1199 2468 1332 2521 ἄλλας
1369 2469 1408 2513 δ’
1432 2469 1671 2513 ἐντέλλεται

308 2537 493 2594 ἀνοίγειν
525 2536 695 2581 ἄλλοισι
726 2547 843 2581 τοῖσι
875 2538 1118 2592 δεομένοισι
1148 2539 1340 2592 μάλιστα
1370 2542 1456 2581 τῶν
1487 2540 1669 2581 λοιπῶν.

310 2605 369 2656 (ὃς
395 2607 441 2648 δὲ
467 2604 548 2660 ἐγώ
576 2603 675 2648 οἶδα
701 2604 909 2658 ἀκούσας,
945 2606 1144 2662 χρήματα
1169 2607 1335 2661 μεγάλα
1367 2606 1669 2663 πρησσόμενος

311 2671 483 2728 ἀνοίγει,
511 2674 652 2729 πάρεξ
673 2678 751 2716 τοῦ
777 2674 931 2731 φόρου.

400 2745 540 2783 Ταῦτα
564 2742 641 2793 μὲν
661 2740 710 2796 δὴ
732 2740 816 2794 ἔχει
838 2739 963 2791 οὕτω,
991 2746 1076 2785 τῶν
1098 2743 1144 2785 δὲ
1162 2746 1224 2798 τῷ
1243 2742 1378 2797 Μάγῳ
1402 2740 1670 2784 ἐπαναστάν-
