1794 3282
248 470 297 496 109

256 1340 305 1366 110

262 2349 310 2373 111

317 245 404 288 284
698 244 1010 283 HPOAOTOY
1040 243 1082 276 Δ.
1109 241 1300 276 108-111.

322 319 627 375 ἐξαναστάντες
660 318 835 373 οἴκησαν
873 312 915 355 ἐν
950 319 1067 355 τοῖσι
1097 310 1368 353 Βουδίνοισι·
1404 309 1476 351 καὶ
1506 310 1677 365 γλιῦσσῃ

320 389 374 431 τὰ
404 389 481 442 μὲν
505 389 698 442 Σκυθικῇ
729 383 784 427 τὰ
817 383 862 425 δὲ
888 379 1103 437 Ἑλληνικῇ
1133 382 1344 434 χρέονται.
1397 377 1602 420 Βουδῖνοι
1633 376 1680 418 δὲ

324 454 371 498 οὖ
392 459 441 511 τῇ
458 452 563 510 αὐτῇ
584 453 756 509 γλώσσῃ
775 453 972 505 χρέονται
991 449 1062 490 καὶ
1078 447 1275 489 Γελωνοί.
1313 441 1512 487 ἇλλόὗδὲ
1533 444 1681 486 δίαιτα

321 520 346 577 ἡ
374 518 500 577 αὐτή·
533 519 576 561 οἱ
599 519 675 573 μὲν
699 517 780 573 γὰρ
806 516 1012 560 Βουδῖνοι
1039 514 1180 565 ἐόντες
1206 513 1471 567 αὐτόχθονες
1495 512 1680 567 νομάδες

316 591 363 631 τέ
389 587 475 630 εἰσι
500 588 572 629 καὶ
598 583 998 643 φθειροτραγέουσι
1022 587 1176 637 μοῦνοι
1200 585 1286 625 τῶν
1310 579 1463 636 ταύτῃ,
1492 580 1682 627 Γελωνοὶ

320 655 365 698 6&
389 659 465 711 γῆς
490 671 536 697 τε
563 653 739 709 ἐργάται
765 653 837 694 καὶ
863 650 1101 708 σιτοφάγοι
1131 651 1203 692 καὶ
1227 649 1395 705 κήπους
1418 646 1680 703 κεκτημένοι,

321 720 444 765 οὐδὲν
474 720 549 777 τὴν
576 721 690 776 ἰδέην
718 718 865 774 ὁμοῖοι
892 717 993 762 οὐδὲ
1017 717 1067 761 τὸ
1090 722 1258 775 χρῶμα.
1313 713 1401 758 ὕπὸ
1426 718 1574 770 μέντοι
1593 712 1685 758 Ἑλ-

321 790 456 846 λήνιον
492 788 720 832 καλέονται
755 789 827 830 καὶ
865 786 907 829 οἱ
936 786 1142 829 Βουδῖνοι
1172 786 1379 836 Γελωνοί,
1420 780 1496 826 οὐκ
1532 780 1685 838 ὀρθῶς

320 858 587 911 καλεόμενοι.
643 854 667 912 ἡ
702 856 747 898 6&
774 855 893 910 χώρη
927 857 1073 911 σφέων
1111 852 1237 896 πᾶσά
1276 851 1368 895 ἔστι
1399 851 1536 894 δασέα
1564 850 1686 906 ἰ’δῃσι

324 929 579 980 παντοίῃσι·
618 923 659 967 ἓν
692 924 739 966 δὲ
768 927 819 980 τῇ
851 922 921 979 ἰ’δῃ
953 926 1004 979 τῇ
1037 923 1218 977 πλείστῃ
1252 920 1342 963 ἔστι
1373 920 1496 974 λίμνη
1522 917 1684 974 μεγάλη

324 1009 369 1035 τε
400 994 472 1035 καὶ
502 991 642 1047 πολλὴ
674 993 746 1034 καὶ
779 991 873 1042 ἕλος
903 992 975 1033 καὶ
1005 990 1197 1043 κάλαμος
1228 989 1331 1045 περὶ
1363 985 1505 1042 αὐτήν.
1567 984 1608 1028 ἐν
1640 984 1687 1027 δὲ

326 1060 459 1116 ταύτῃ
487 1059 675 1116 ἐνύδριες
702 1057 952 1101 ἁλίσκονται
983 1059 1054 1099 καὶ
1079 1057 1287 1113 κάστορες
1316 1056 1387 1097 καὶ
1414 1051 1523 1096 ἄλλα
1548 1055 1688 1108 θηρία
1716 1071 1725 1078 ’

325 1129 814 1185 τετραγωνοπρόσωπα,
853 1129 939 1168 τῶν
969 1124 1024 1167 τὰ
1058 1125 1249 1180 δέρματα
1273 1124 1376 1178 περὶ
1400 1120 1478 1172 τὰς
1504 1120 1688 1176 σισύρας

327 1195 711 1251 παραρράπτεται,
750 1195 823 1236 καὶ
856 1193 896 1236 οἱ
929 1190 1069 1247 ὄρχιες
1101 1189 1273 1234 αὖτοῖσί
1300 1189 1384 1232 εἰσι
1411 1188 1617 1246 χρήσιμοι
1645 1184 1688 1236 ἒς

328 1261 538 1316 ὗστερέων
564 1260 722 1305 ἄκεσιν.

413 1328 729 1379 Σαυροματέων
751 1324 797 1366 δὲ
818 1327 919 1379 πέρι
947 1317 1031 1365 ὦδε
1052 1324 1231 1377 λέγεται.
1271 1320 1548 1379 ὅτεἝλληνες
1563 1322 1689 1377 Ἄμα-

328 1394 427 1444 ζόσι
471 1391 732 1445 ἐμαχέσαντο
775 1389 875 1443 (τὰς
919 1391 964 1432 6&
1003 1388 1233 1443 Ἀμαζόνας
1275 1391 1477 1433 καλέουσι
1518 1390 1691 1434 Σκύθαι

333 1459 575 1513 Οἰόρπατα,
622 1458 802 1500 δύναται
845 1457 891 1499 δὲ
932 1456 981 1499 τὸ
1020 1453 1182 1511 οὕνομα
1222 1461 1351 1500 τοῦτο
1393 1455 1482 1500 κατ’
1511 1455 1691 1501 Ἑλλάδα

329 1528 528 1582 γλῶσσαν
555 1523 851 1581 ἀνδροκτόνοι·
889 1523 983 1578 οἰὸρ
1009 1522 1089 1579 γὰρ
1115 1525 1318 1567 καλέουσι
1347 1524 1421 1568 τὸν
1448 1522 1601 1581 ἄνδρα,
1640 1524 1690 1569 τὸ

331 1594 378 1636 δὲ
407 1591 528 1636 πατὰ
557 1594 770 1645 κτείνειν),
808 1592 906 1634 τότε
938 1592 1065 1647 λόγος
1090 1589 1407 1647 τοὺςἝλληνας
1437 1593 1692 1649 νικήσαντας

329 1665 381 1718 τῇ
408 1660 481 1704 ἐπὶ
503 1660 775 1714 Θερμώδοντι
798 1659 912 1716 μάχῃ
940 1657 1195 1702 ἂποπλώειν
1221 1657 1401 1715 ἄγοντας
1424 1662 1539 1715 τρισὶ
1564 1663 1692 1704 πλοί-

333 1744 422 1772 οισι
445 1732 530 1770 τῶν
545 1725 783 1782 Ἀμαζόνων
803 1724 909 1777 ὅσας
935 1726 1133 1769 ἐδυνέατο
1155 1727 1380 1784 ζωγρῆσαι,
1408 1726 1485 1779 τὰς
1505 1729 1551 1771 δὲ
1570 1727 1612 1771 ἐν
1630 1732 1692 1784 τῷ

331 1796 512 1851 πελάγεϊ
537 1794 802 1849 ἐπιθεμένας
834 1793 1020 1850 ἐκκόψαι
1048 1793 1150 1845 τοὺς
1181 1792 1351 1852 ἄνδρας,
1401 1797 1538 1838 πλοῖα
1569 1796 1615 1838 6&
1641 1793 1689 1838 οὗ

331 1864 554 1918 γινώσκειν
581 1860 715 1913 αὐτὰς
740 1860 840 1905 οὐδὲ
870 1862 1127 1917 πηδαλίοισι
1154 1866 1352 1917 χρᾶσθαι
1385 1860 1485 1905 οὐδὲ
1512 1862 1691 1906 ἱστίοισι

334 1929 434 1973 οὐδὲ
460 1930 641 1986 εἰρεσίῃ·
680 1927 768 1972 ἀλλ’
787 1929 882 1972 ἐπεὶ
908 1928 1117 1984 ἐξέκοψαν
1141 1928 1240 1980 τοὺς
1272 1928 1445 1984 ἄνδρας,
1486 1929 1691 1986 ἐφέροντο

333 1997 443 2040 κατὰ
473 2001 585 2050 κῦμα
615 1998 687 2038 καὶ
719 1994 893 2049 ἒὶνεμον·
931 1998 1002 2037 καὶ
1034 1994 1309 2038 ἀπικνέονται
1340 2001 1414 2052 τῆς
1444 1998 1592 2052 λίμνης
1616 2001 1692 2053 τῆς

333 2065 574 2120 Μαιήτιδος
606 2063 678 2106 ἐπὶ
710 2064 943 2119 Κρημνούς.
1005 2063 1047 2105 οἱ
1084 2064 1129 2105 δὲ
1159 2067 1351 2120 Κρημνοί
1387 2063 1472 2106 εἰσι
1506 2068 1582 2119 γῆς
1616 2068 1693 2120 τῆς

333 2134 539 2174 Σκυθέων
570 2134 656 2173 τῶν
687 2129 940 2185 ἐλευθέρων.
997 2129 1188 2173 ἐνθαῦτα
1220 2127 1448 2184 ἀποβᾶσαι
1485 2128 1575 2173 ἀπὸ
1605 2135 1688 2173 τῶν

334 2201 500 2241 πλοίων
526 2198 572 2240 αἱ
589 2196 809 2251 Ἀμαζόνες
835 2196 1104 2253 (ὁδοιπόρεον
1124 2196 1166 2247 ἔς
1183 2196 1258 2253 τὴν
1278 2197 1534 2254 οἰκεομένην.
1575 2197 1692 2241 ἔντυ-

333 2270 488 2319 χοῦσαι
514 2266 560 2308 δὲ
584 2265 747 2320 πρώτῳ
775 2265 1063 2321 ἱπποφορβίῳ
1089 2268 1218 2307 τοῦτο
1240 2265 1500 2320 διήρπασαν,
1526 2267 1597 2308 καὶ
1618 2265 1693 2308 ἐπὶ

335 2334 499 2376 τούτων
533 2332 827 2386 ἱππαζόμεναι
859 2331 1073 2387 ἐληίζοντο
1104 2331 1158 2375 τὰ
1188 2336 1273 2375 τῶν
1307 2331 1523 2375 Σκυθέων.
1573 2332 1615 2375 οἱ
1647 2333 1695 2376 δὲ

335 2401 508 2444 Σκύθαι
547 2397 621 2442 οὒκ
657 2397 768 2452 εἶχον
805 2401 1111 2454 συμβαλέσθαι
1145 2399 1195 2442 τὸ
1233 2403 1430 2456 πρῆγμα·
1475 2397 1572 2443 οὕτε
1612 2400 1696 2457 γὰρ

338 2466 485 2525 φωνὴν
513 2465 607 2510 οὔτε
635 2466 802 2524 ἐσθῆτα
828 2464 927 2509 οὔτε
950 2465 1000 2509 τὸ
1022 2466 1151 2517 ἐ’θνος
1171 2466 1409 2523 ἐγίνωσκον,
1437 2464 1526 2510 ἀλλ’
1537 2467 1580 2510 ἐν
1600 2468 1697 2510 θώ-

338 2552 444 2589 ματι
468 2529 575 2590 ἦσαν
601 2532 761 2577 ὁκόθεν
787 2534 972 2586 ἔλθοιεν,
1001 2533 1171 2576 ἐδόκεον
1198 2532 1237 2577 δ’
1255 2532 1390 2585 αὐτὰς
1409 2532 1518 2577 εἶναι
1538 2532 1699 2590 ἄνδρας

337 2602 411 2659 τὴν
437 2600 566 2657 αὐτὴν
592 2600 754 2658 ἡλικίην
780 2601 963 2655 ἔχοντας,
990 2602 1128 2657 μάχην
1151 2618 1198 2644 τε
1217 2601 1267 2657 δὴ
1289 2600 1400 2656 πρὸς
1420 2599 1554 2653 αὐτὰς
1573 2601 1697 2645 ἕποι-

341 2675 475 2713 εῦντο.
514 2668 558 2711 ἐκ
583 2669 629 2711 δὲ
654 2673 728 2724 τῆς
752 2670 889 2724 μάχης
914 2672 998 2710 τῶν
1018 2673 1173 2725 νεκρῶν
1193 2668 1428 2725 ἐκράτησαν
1449 2669 1491 2711 οἱ
1509 2669 1693 2719 Σκύθαι,

338 2740 409 2780 καὶ
436 2734 548 2779 οὕτω
581 2736 767 2791 ἔγνωσαν
800 2735 955 2787 ἐούσας
985 2744 1199 2791 γυναῖκας.
1253 2738 1606 2790 βουλευομένοισι
1637 2728 1699 2776 ὦν
