1794 3282
279 273 362 316 208
677 277 994 313 ΗΡΟΔΟΤΟΥ
1023 277 1061 311 Γ.
1087 277 1231 312 69-72.

280 350 339 402 ὠς
363 348 496 405 ἡμέρη
522 346 706 400 τάχιστα
732 344 938 402 ἐγεγόνεε,
967 348 1186 401 πέμψασα
1212 344 1393 402 ἐσήμηνε
1418 349 1478 402 τῷ
1504 345 1639 400 πατρὶ

277 418 332 461 τὰ
355 416 573 472 γενόμενα.

223 498 256 523 70
359 481 396 526 ‘0
434 483 480 525 δὲ
512 480 679 537 Ὀτάνης
721 480 989 537 παραλαβὼν
1023 478 1286 537 Δἒίσπαθίνην
1327 483 1399 524 καὶ
1435 480 1640 536 Γωβρύην

278 552 479 608 Περσέων
508 565 555 592 τε
581 548 784 605 πρώτους
815 547 964 600 ἐόντας
995 550 1065 590 καὶ
1097 547 1235 604 ἑαυτῷ
1268 547 1642 604 ἐπιτηδεωτάτους

280 618 322 669 ἐς
353 620 514 668 πίστιν,
550 613 805 672 ἀπηγήσατο
837 621 925 659 πᾶν
955 615 1004 660 τὸ
1036 619 1233 672 πρῆγμα·
1272 615 1314 658 οἳ
1345 616 1391 658 δὲ
1421 617 1492 658 καὶ
1518 613 1643 658 αὐτοὶ

281 685 366 742 ἄρα
396 682 648 727 ὕπόπτευον
680 680 793 726 οῖ”τω
830 688 958 726 τοῦτο
997 683 1123 736 ἔχειν,
1164 681 1453 734 ἀνενείκαντος
1485 683 1530 725 δὲ
1564 686 1641 726 τοῦ

275 751 450 797 Ὀτάνεω
482 750 584 803 τοὺς
621 751 774 807 λόγους
812 750 1022 803 ἐδέξαντο.
1083 753 1154 794 καὶ
1192 750 1312 803 ἔδοξέ
1349 766 1430 808 σφι
1467 750 1643 793 ἕκαστον

281 818 417 877 ἄνδρα
452 822 652 873 Περσέων
691 822 1124 876 προσεταιρίσασθαι
1159 822 1311 861 τοῦτον
1347 822 1409 875 τῷ
1447 817 1645 861 πιστεύει

280 889 484 942 μάλιστα.
523 885 690 943 Ὀτάνης
714 890 790 940 μέν
816 904 885 930 νυν
912 886 1112 942 ἐσάγεται
1134 885 1412 944 Ἷνταφέρνεα,
1440 885 1646 942 Γωβρύης

283 956 329 998 δὲ
344 955 605 1010 Μεγάβυζον,
628 953 896 1011 ΞΙσπαθίνης
917 955 962 997 δὲ
977 952 1187 1012 Ὑδάρνεα.
1224 954 1460 1010 γεγονότων
1481 954 1527 997 δὲ
1545 953 1646 996 τού-

281 1040 367 1066 των
399 1024 446 1075 ἐξ
474 1025 759 1078 παραγίνεται
791 1021 833 1073 ἐς
862 1021 917 1065 τὰ
943 1027 1090 1065 Σοῦσα
1122 1031 1305 1078 Δαρεῖος
1335 1019 1358 1066 ὃ
1386 1020 1646 1072 Ὑστάσπεος

284 1090 328 1133 ἐκ
341 1094 554 1145 Περσέων,
582 1087 714 1146 ἥκων·
740 1090 904 1133 τούτων
923 1089 1003 1146 γὰρ
1025 1090 1074 1145 δη
1096 1084 1144 1145 ἧν
1165 1090 1207 1132 οἱ
1230 1088 1251 1132 ὃ
1272 1089 1415 1147 πατὴρ
1437 1086 1643 1146 ὕπαρχος.

286 1157 381 1201 ἐπεὶ
409 1152 467 1201 ὦν
495 1151 620 1208 οὗτος
647 1156 845 1207 ἀπίκετο,
878 1166 996 1200 τοῖσι
1021 1159 1067 1209 ἓξ
1088 1162 1174 1200 τιῦν
1199 1156 1399 1213 Περσέων
1432 1156 1550 1208 ἔδοξε
1575 1158 1644 1198 καὶ

227 1239 262 1264 '11
285 1234 468 1282 Δαρεῖον
495 1229 938 1281 προσεταιρίσασθαι.
978 1225 1260 1276 συνελθόντες
1286 1225 1331 1267 δὲ
1357 1218 1478 1267 οὗτοι
1506 1223 1646 1273 ἐόντες

286 1292 397 1337 ἑπτὰ
430 1293 630 1336 ἐδίδοσάν
662 1308 792 1349 σφισι
821 1297 970 1343 πίστις
1006 1294 1078 1335 καὶ
1113 1293 1278 1348 λόγους.
1341 1291 1484 1335 ἐπείτε
1523 1292 1568 1334 δὲ
1605 1290 1647 1342 ἐς

285 1369 469 1418 Δαρεῖον
496 1358 676 1403 ἀπίκετο
701 1359 870 1415 γνώμην
897 1357 1252 1419 ἀποφαίνεσθαι,
1281 1358 1396 1415 ἔλεγέ
1421 1375 1502 1416 σφι
1527 1359 1646 1402 τάδε.

280 1427 396 1485 ((ἐγιὺ
417 1432 552 1471 ταῦτα
573 1427 743 1470 ἐδόκεον
767 1428 843 1480 μὲν
869 1424 998 1477 αὐτὸς
1022 1431 1180 1480 μοῦνος
1201 1426 1485 1478 ἐπίστασθαι,
1516 1423 1583 1469 ὅτι
1601 1443 1648 1469 τε

287 1495 309 1539 ὁ
326 1497 474 1552 Μάγος
488 1495 551 1551 εἴη
568 1492 846 1549 ὃβασιλεύων
866 1496 938 1536 καὶ
951 1494 1135 1551 Σμέρδις
1156 1491 1336 1550 ὃΚύρου
1358 1494 1647 1549 τετελεύτηκε’

285 1565 357 1605 καὶ
384 1561 515 1605 αὐτοῦ
540 1562 696 1604 τούτου
725 1562 878 1605 εἵνεκεν
910 1559 997 1618 ἥκω
1031 1562 1201 1618 σπουδῇ
1235 1559 1293 1612 (ὃς
1325 1561 1549 1617 συστήσων
1575 1560 1650 1603 ἐπὶ

284 1635 345 1687 τῷ
371 1630 508 1687 Μάγῳ
534 1630 740 1672 θάνατον.
803 1628 947 1672 ἐπείτε
974 1630 1020 1672 δὲ
1046 1629 1260 1686 συνήνεικε
1286 1625 1397 1673 ὥστε
1422 1631 1493 1671 καὶ
1517 1626 1651 1683 ὑμέας

286 1698 447 1740 εἰδέναι
471 1699 543 1740 καὶ
567 1696 625 1753 μὴ
650 1702 806 1752 μοῦνον
834 1697 920 1752 ἐμέ,
948 1701 1114 1741 ποιέειν
1141 1695 1294 1739 αὐτίκα
1317 1713 1395 1752 μοι
1421 1697 1560 1740 δοκέει
1579 1698 1651 1739 καὶ

285 1765 342 1822 μὴ
374 1763 754 1821 ὑπερβάλλεσθαι·
794 1763 841 1808 οὗ
872 1764 953 1823 γὰρ
981 1762 1193 1820 ἄμεινον.”
1251 1763 1348 1808 εἷπε
1379 1764 1491 1821 πρὸς
1515 1768 1651 1807 ταῦτα

287 1832 310 1877 ὃ
333 1832 500 1890 Ὀτάνης
520 1826 588 1874 “ι5
613 1841 700 1875 παῖ
718 1830 996 1885 Ὑστάσπεος,
1031 1831 1090 1884 εἷς
1117 1849 1162 1876 τε
1188 1831 1355 1891 πατρὸς
1381 1831 1554 1888 ἀγαθοῦ
1580 1833 1651 1874 καὶ

288 1900 504 1958 ἐκφαίνειν
531 1898 649 1951 οἶκας
676 1900 863 1943 σεωυτὸν
895 1900 1021 1944 ἐόντα
1051 1905 1128 1944 τοῦ
1160 1900 1327 1958 πατρὸς
1359 1898 1483 1943 οὐδὲν
1515 1900 1650 1943 ἕσσω·

286 1967 362 2024 τὴν
386 1972 532 2022 μέντοι
559 1967 822 2024 ἐπιχείρησιν
847 1969 1004 2025 ταύτην
1028 1967 1085 2024 μὴ
1115 1965 1224 2010 οὕτω
1259 1968 1488 2021 συντάχυνε
1519 1965 1652 2021 ἀβού-

288 2038 391 2087 λως,
419 2033 507 2077 ἀλλ’
533 2034 607 2078 ἐπὶ
630 2034 679 2077 τὸ
707 2038 1056 2092 σωφρονέστερον
1083 2033 1214 2090 αὐτὴν
1238 2035 1448 2089 λάμβανε·
1481 2036 1549 2077 δεῖ
1570 2033 1650 2091 γὰρ

290 2104 476 2152 πλεῦνας
499 2105 750 2157 γενομένους
776 2099 888 2144 οὕτω
917 2100 1206 2157 ἐπιχειρέειν.”
1253 2104 1365 2158 λέγει
1384 2101 1495 2157 πρὸς
1514 2106 1652 2145 ταῦτα

290 2176 474 2225 Δαρεῖος
500 2166 683 2226 ((ἄνδρες
715 2169 757 2211 οἵ
787 2170 1039 2224 παρεόντες,
1078 2170 1228 2227 τρόπῳ
1266 2174 1328 2225 τῷ
1366 2168 1573 2226 εἰρημένῳ
1608 2168 1655 2221 ἐξ

285 2235 458 2281 Ὀτάνεω
486 2236 523 2279 εἰ
545 2237 777 2293 χρήσεσθε,
807 2236 1054 2280 ἐπίστασθε
1081 2234 1149 2280 ὅτι
1176 2235 1426 2280 ἀπολέεσθε
1451 2237 1651 2280 κάκιστα·

289 2303 450 2356 ἐξοίσει
483 2304 564 2359 γάρ
602 2320 668 2354 τις
699 2302 812 2360 πρὸς
847 2302 920 2347 τὸν
952 2305 1118 2361 Μάγον,
1159 2305 1247 2361 ἰδίῃ
1285 2305 1654 2360 περιβαλλόμενος

290 2371 438 2427 ἑωυτῷ
464 2371 629 2428 κέρδεα.
678 2371 869 2425 μάλιστα
893 2371 970 2426 μέν
995 2390 1067 2415 νυν
1094 2371 1303 2430 ὠφείλετε
1329 2370 1395 2415 ἐπ’
1411 2370 1552 2427 ὑμέων
1578 2370 1654 2415 αὗ-

288 2443 373 2482 τιῦν
397 2439 632 2494 βαλόμενοι
656 2441 822 2482 ποιέειν
846 2444 1002 2483 ταῦτα·
1041 2439 1185 2483 ἐπείτε
1217 2441 1263 2483 δὲ
1293 2438 1392 2495 ὑμῖν
1424 2438 1653 2498 ἀναφέρειν

289 2506 332 2557 ἐς
357 2508 544 2556 πλεῦνας
570 2505 712 2549 ἐδόκεε
736 2508 809 2549 καὶ
835 2506 930 2561 ἐμοὶ
955 2504 1254 2563 ὑπερέθεσθε,
1281 2506 1308 2565 ἢ
1333 2511 1551 2563 ποιέωμεν
1578 2507 1654 2564 σή-

288 2590 436 2629 μερον,
469 2571 500 2630 ἢ
527 2574 620 2616 ἰ’στε
650 2572 750 2627 ὗμῖν
783 2571 871 2627 ὅτι,
904 2573 954 2632 ἢν
984 2573 1210 2634 ὑπερπέσῃ
1242 2574 1266 2632 ἡ
1298 2581 1370 2620 νῦν
1401 2574 1554 2633 ἡμέρη,
1595 2573 1654 2626 ὥς

290 2639 365 2683 οὐκ
391 2639 520 2692 ἄλλος
546 2640 672 2698 φθὰς
697 2641 797 2695 ἐμεῦ
823 2643 1057 2700 κατήγορος
1083 2643 1217 2696 ἔσται,
1246 2642 1355 2686 ἀλλά
1382 2660 1497 2701 σφεα
1522 2641 1652 2693 αὐτὸς

234 2724 267 2748 72
291 2707 372 2763 ἐγὼ
397 2707 583 2763 κατερέω
610 2707 721 2765 πρὸς
745 2708 818 2751 τὸν
843 2708 1032 2766 Μάγον.”
1099 2713 1212 2767 λέγει
1241 2711 1352 2767 πρὸς
1381 2715 1517 2754 ταῦτα
1537 2709 1650 2754 Ὀτά-

289 2792 378 2831 νης,
423 2775 573 2831 ἐπειδὴ
612 2773 703 2834 ιῖίρα
741 2778 1031 2833 σπερχόμενον
1069 2785 1268 2836 Δαρεῖον,
1303 2777 1479 2822 ((ἐπείτε
1514 2776 1648 2834 ἡμέας
