1794 3282
86 239 173 268 XVI

668 240 722 264 DE
747 238 954 264 HERODOTI

86 314 369 360 Pausan.1p.xx
384 313 694 349 etO Pfundtneri
712 312 950 371 diss.¹.÷-Jffi2›0a
974 310 1048 346 ἀπὸ
1074 311 1182 359 λόγου
1208 312 1378 359 διήγησις,
1403 311 1447 348 ἂν
1470 317 1537 356 μὲν

85 361 284 395 Pausanias
309 362 479 404 ρον-ἱερεῖα
508 360 658 392 imitator
686 359 798 391 Hero-

86 407 159 439 doti
180 405 391 448 inscriptam
415 414 508 448 quae
531 403 666 448 prodiit
688 401 797 446 Regi-

87 454 198 485 mont.
219 450 317 484 1866.

154 495 291 529 Verum
324 494 419 527 enim
451 504 535 527 vero
568 491 799 526 artificiosam

85 539 416 584 componendarum
459 537 688 582 periodorum
730 536 799 569 for-

86 596 194 627 mam,
218 583 449 618 Herodoteae
467 582 580 616 aetati
597 582 655 614 vix
673 591 799 615 conve-

86 630 264 672 nientem,
294 628 392 673 apud
415 627 639 661 Herodotum
668 625 801 659 frustra

87 673 321 718 quaesiveris.
361 673 456 708 Nam
474 683 555 706 cum
571 672 610 705 in
626 671 800 716 antiquis-

88 721 180 754 sima
203 719 403 763 eademque
426 716 696 762 simplicissima
723 727 800 750 ora-

87 765 197 800 tionis
215 763 331 798 forma
348 763 541 807 primariae
559 772 654 806 quae
678 761 800 796 dicun-

86 819 147 845 tur
185 808 451 845 enuntiationes
489 809 584 842 inter
621 819 659 841 se
698 817 801 841 cone-

88 859 232 891 ctan‘tur
252 855 306 897 (τὸ
327 854 612 899 παρατακτικόν)
638 856 674 887 et
691 851 801 887 eonti—

88 904 261 942 nuentnr‚
296 910 384 943 quas
417 898 595 943 posterior
623 901 724 932 aetas
752 897 803 931 ita

87 945 266 988 instruxit,
281 949 321 979 ut
335 955 353 978 e
367 944 538 988 primaria
551 944 736 988 pendeant
749 953 802 976 se-

89 991 298 1033 cundariae,
316 989 523 1023 Herodotus
540 999 676 1022 morem
694 999 802 1022 enun-

87 1037 260 1070 tiationes
277 1035 399 1079 plures
420 1033 670 1072 continuandi,
695 1043 803 1077 quem

89 1086 219 1115 natura
237 1084 273 1114 et-
289 1079 530 1124 perspicuitas
548 1077 804 1123 simplicissimi

87 1126 185 1160 illius
203 1124 375 1159 sermonis
397 1123 450 1157 ita
472 1123 631 1166 ferebat,
662 1126 804 1157 secutus

86 1171 151 1205 illo
168 1170 396 1216 potissimum
413 1168 558 1202 dicendi
573 1178 706 1213 genere
720 1179 804 1201 usus

90 1221 156 1259 est,
176 1216 272 1260 quod
285 1218 426 1248 veteres
439 1214 601 1248 rhetores
616 1213 805 1258 appellant

89 1262 185 1301 λέξιν
202 1263 392 1306 εἰρομένην
409 1259 483 1293 slve
508 1258 730 1305 διῃρημένην,
757 1260 804 1293 εἰς

91 1307 190 1341 κῶλα
221 1305 414 1347 λελιχιιένην
448 1304 488 1337 οὐ
518 1305 612 1345 μάλα
646 1303 805 1346 ἀλλήλοις

92 1349 586 1398 01·1r⁷597r,ne'1⁷c1(Ai·ist.Rhet.
602 1349 660 1383 HI
673 1349 703 1383 9.
730 1348 804 1383 De-

89 1401 192 1432 metr.
210 1397 254 1431 de
269 1396 395 1431 elocut.
413 1396 466 1430 11.
483 1395 550 1439 12),
569 1394 626 1429 cui
639 1393 805 1439 opposita

92 1448 147 1477 est
164 1442 252 1482 λέξις
276 1444 569 1485 κατεστραλιιιιιένι]
592 1441 720 1482 &avon
744 1438 805 1484 ἀρ-

87 1489 155 1531 χὴν
172 1491 231 1521 καὶ
247 1486 417 1527 τελευτὴν
430 1484 519 1527 αὐτὴ
533 1484 609 1519 κατ’
620 1484 733 1526 αὐτὴν
746 1489 805 1517 καὶ

90 1533 249 1577 με’νεθος
266 1530 543 1565 εὐούνοπτον.19

136 1568 215 1612 lam
230 1588 310 1610 cum
323 1575 549 1609 Herodotum
561 1574 806 1620 logographos

90 1623 264 1658 orationis
281 1624 470 1654 venustate
488 1624 597 1664 atque
621 1619 806 1663 aequabili

91 1668 322 1714 periodorum
346 1666 450 1710 quasi
473 1669 600 1710 sponte
624 1664 805 1709 profluen-

90 1715 181 1748 tium
200 1711 481 1747 conformatione
495 1711 603 1755 longe
618 1719 806 1755 superasse

92 1772 150 1794 me
164 1757 363 1793 obtinuisse
377 1756 534 1798 credam,
551 1756 660 1799 idem,
676 1755 705 1789 si
719 1754 807 1799 qnid

92 1805 211 1847 video,
230 1803 320 1837 mira
337 1801 374 1835 in
387 1801 568 1835 narrando
581 1800 807 1834 iucunditate

93 1851 216 1891 floret,
241 1857 333 1892 quae
358 1846 722 1891 digressionibus
745 1856 807 1890 po—

91 1894 271 1930 tissimum
289 1892 417 1927 elucet.
450 1891 545 1926 Nam
559 1902 639 1925 eum
652 1890 807 1925 iucunde

92 1939 273 1975 narrantis
287 1938 333 1972 sit
345 1937 539 1971 deflectere
552 1946 808 1980 nonnunquam

94 1998 116 2020 a
146 1983 295 2019 consilio
324 1982 509 2026 proposito
539 1985 575 2016 et
601 1980 808 2026 legentibus

94 2031 194 2065 velut
212 2027 434 2063 deverticula
451 2037 603 2061 amoena
620 2037 808 2071 quaerere,

94 2075 303 2110 Herodotus
340 2073 439 2106 haud
476 2083 556 2106 raro
592 2071 809 2116 interposuit

95 2119 353 2166 digressiones,
377 2127 471 2161 quae
490 2117 659 2151 dicuntur
677 2120 809 2157 (ἐπεισ-

98 2166 209 2209 όδια),
233 2167 405 2209 pergrata
426 2174 546 2197 rerum
567 2163 742 2196 varietate
759 2161 808 2196 le-

96 2211 259 2257 gentium
276 2209 415 2243 animos
432 2208 709 2253 permulcentes,
733 2211 772 2241 ut
789 2218 810 2241 a

99 2256 269 2290 continua
281 2265 400 2288 rerum
413 2257 598 2298 gestarum
605 2253 810 2287 narratione

97 2300 381 2345 acquiescerent.
432 2298 594 2339 Quarum
626 2297 693 2331 etsi
725 2309 812 2331 non-

98 2347 220 2380 nullae
243 2343 367 2389 magni
390 2347 473 2377 sunt
489 2343 645 2377 ambitus
669 2342 727 2385 (cf.
747 2342 811 2377 lib.

99 2392 138 2426 11
161 2395 197 2424 et
218 2390 303 2432 IV),
334 2399 428 2432 quae
456 2392 550 2422 totos
578 2388 689 2421 libros
719 2398 811 2422 com-

100 2437 236 2482 pleant,
245 2438 367 2468 tamen
380 2433 591 2478 primarium
604 2433 722 2478 operis
732 2444 812 2467 con-

101 2481 222 2515 silium
245 2489 424 2523 nusquam
440 2479 683 2523 perturbatur.
734 2477 814 2518 Qua

100 2527 147 2560 de
164 2537 202 2560 re
216 2524 415 2569 Dionysius
429 2524 548 2558 Halic.
568 2523 671 2569 epist.
688 2523 735 2557 ad
744 2522 812 2558 Gn.

101 2572 193 2605 Pom
225 2597 231 2604 .
255 2571 288 2614 3,
308 2571 361 2604 11.
386 2581 420 2614 p.
441 2569 524 2603 771:
555 2567 726 2604 συνειδώς
747 2569 813 2614 γὰρ

102 2617 187 2660 Ἡρό
215 2629 312 2655 oros,
337 2614 470 2660 inquit,
502 2612 557 2649 ὅτι
582 2617 681 2648 πᾶσα
703 2617 815 2657 μῆκος

139 2694 165 2713 19
184 2696 245 2728 Qua
269 2697 303 2721 de
327 2703 356 2721 re
377 2696 448 2721 bene
469 2697 526 2727 egit
545 2697 765 2721 Zimmermann.
787 2697 814 2720 in

105 2730 314 2759 dissertatione,
335 2737 404 2760 quae
425 2731 587 2755 inscribitur
601 2729 653 2755 Der
666 2729 719 2755 Stil
732 2728 816 2754 Hero-

105 2762 176 2790 dots.
195 2763 342 2790 Clausthal
355 2765 429 2789 1550.

824 357 1044 392 αναπαύσεις
1059 357 1158 392 τινὰς
1175 356 1357 405 λαμβανῃ,
1382 359 1444 395 τὰς
1467 373 1537 401 ψυ-

822 401 883 443 χὰς
899 404 976 451 τῷν
988 400 1233 445 ἀκροωμένων
1246 401 1358 445 ἡδέως
1372 403 1537 446 διατίθη-

826 459 893 488 σιν,
914 449 976 478 ἐαν
994 444 1023 478 δ’
1035 449 1097 480 ἐπὶ
1113 450 1189 480 τῶν
1206 447 1329 482 αὐτῶν
1340 453 1430 495 μένῃ
1445 463 1537 494 πρα-

823 491 982 536 γμάτων,
1003 488 1072 524 κᾶν
1093 491 1137 524 τὰ
1165 492 1319 535 μάλιστα
1347 495 1536 540 ἐπιτυγχά-

825 549 944 578 νηται,
978 535 1086 569 λυπεῖ
1113 536 1179 578 τὴν
1207 536 1321 580 ἀκοὴν
1343 542 1396 582 τῷ
1425 542 1536 583 κόρῳ,

828 580 994 622 ποικίλην
1011 580 1197 624 ἐβουλήθη
1215 586 1363 625 ποιῆσαι
1375 583 1441 626 τὴν
1452 599 1537 631 γρα-

827 626 907 675 φήν,
921 623 1070 676 Ὁμήρου
1087 625 1238 669 ζηλωτὴς
1251 629 1443 671 γενόμενος
1453 641 1461 648 ·
1479 633 1538 662 καὶ

825 684 892 717 γαρ
915 684 958 704 το
981 669 1126 713 βιβλίον
1148 669 1193 712 ἣν
1215 673 1327 705 αὐτοῦ
1357 673 1537 717 λάβωμεν,

826 719 926 760 μέχρι
943 718 1002 757 τῆς
1020 716 1164 758 ἐσχάτης
1182 716 1356 760 συλλαβῆς
1369 717 1539 764 ἀγάμεθα

827 765 885 794 καὶ
903 760 957 794 ἀεὶ
975 759 1015 793 τὸ
1037 760 1163 794 πλεῖον
1181 764 1431 803 ἐπιζητοῦμεν.

873 805 947 841 Sed
959 805 1167 840 Herodotus
1184 806 1274 840 utin
1287 807 1448 842 oratione
1461 819 1540 843 ver-

826 851 1025 895 borumque
1055 851 1312 897 compositione
1343 852 1457 888 dulcis
1487 857 1543 888 est

828 900 864 931 et
881 896 1075 940 candidus,
1100 897 1151 931 sic
1174 897 1286 931 etiam
1308 898 1441 932 multas
1457 899 1542 933 tulit

827 942 953 976 laudes
967 941 1066 986 apud
1078 945 1219 976 veteres
1232 942 1447 978 facundia
1464 944 1540 979 eius

828 987 992 1030 (πειθώ),
1007 996 1079 1030 qua
1093 997 1201 1031 quam
1218 988 1372 1023 maxime
1389 989 1426 1023 in
1439 989 1541 1024 seda-

827 1031 978 1065 tioribus
1023 1032 1360 1077 remissioribusque
1405 1034 1541 1068 animo-

828 1088 907 1110 rum
929 1076 1123 1110 affectibus
1151 1077 1356 1111 indicandis
1386 1082 1438 1121 (ἐν
1467 1085 1542 1115 τοῖς

829 1122 986 1163 ἠθικοῖς)
1005 1121 1158 1155 excellit.
1208 1122 1264 1156 Ac
1281 1123 1461 1158 neminem
1473 1125 1543 1159 hoc

829 1166 975 1211 quidem
998 1165 1106 1200 facile
1131 1166 1243 1211 fallit,
1274 1167 1437 1203 diversae
1462 1181 1541 1215 per-

829 1222 998 1246 sonarum
1016 1211 1195 1245 sentiendi
1212 1212 1471 1259 iudicandique
1485 1227 1541 1249 ra-

829 1257 919 1291 tioni
936 1257 1159 1301 aequitatem
1174 1257 1275 1292 illam
1292 1259 1407 1305 quieti
1429 1271 1472 1294 ac
1489 1271 1542 1294 se-

830 1302 906 1336 dati
955 1302 1130 1336 sermonis
1175 1303 1273 1347 apud
1316 1304 1545 1340 Herodotum

831 1347 979 1392 egregie
996 1347 1225 1392 respondere.
1276 1347 1331 1383 Cf.
1351 1348 1425 1384 Cic.
1442 1351 1542 1386 Orat.

832 1394 884 1427 12.
910 1395 996 1426 alter
1015 1392 1248 1437 (Herodotus)
1270 1396 1342 1428 sine
1360 1397 1439 1429 ullis
1456 1398 1544 1431 sale-

832 1439 901 1472 bris
924 1439 1026 1483 quasi
1045 1439 1181 1472 sedatus
1206 1441 1317 1472 amnis
1339 1440 1432 1484 fluit,
1457 1443 1544 1475 alter

830 1483 1094 1528 (Thucydides)
1117 1484 1289 1518 incitatior
1310 1485 1422 1527 fertur
1445 1493 1476 1520 et
1505 1489 1545 1521 de

833 1530 960 1562 bellicis
978 1529 1077 1561 rebus
1095 1530 1186 1562 canit
1203 1531 1451 1574 quodammodo
1477 1533 1543 1566 bel-

831 1575 942 1608 licnm.
994 1572 1142 1614 Quintil.
1162 1574 1210 1616 X,
1235 1576 1266 1618 1,
1291 1575 1344 1609 73.
1370 1577 1492 1610 densus
1515 1584 1545 1610 et

833 1620 938 1652 brevis
955 1625 985 1652 et
1002 1630 1135 1662 semper
1150 1620 1283 1653 instans
1300 1621 1366 1653 sibi
1381 1623 1546 1665 Thucydi-

832 1666 899 1706 des,
918 1664 1026 1697 <Iuleis
1044 1670 1073 1697 et
1091 1665 1255 1698 candidus
1273 1671 1303 1698 et
1319 1665 1418 1708 fusus
1432 1668 1545 1701 Hero—

832 1711 949 1750 dotus,·
971 1709 1027 1742 ille
1045 1710 1231 1752 concitatis,
1255 1711 1307 1744 hic
1324 1712 1473 1746 remissis
1490 1713 1545 1755 af·

832 1754 974 1797 secribus
997 1755 1126 1797 melior,
1158 1756 1216 1788 ille
1238 1757 1465 1800 contionibus,
1495 1759 1547 1791 hic

832 1800 1053 1841 sermonibus,
1068 1801 1124 1833 ille
1137 1801 1178 1840 vi,
1192 1801 1244 1833 hic
1258 1803 1437 1845 voluptate.
1467 1802 1502 1837 N
1507 1814 1548 1837 ec

833 1855 975 1888 semper
996 1847 1118 1878 tamen
1142 1844 1320 1879 Herodoti
1348 1847 1547 1882 orationem

833 1890 1015 1934 placidam
1038 1893 1074 1922 et
1096 1890 1259 1924 sedatam
1288 1891 1353 1925 sed
1376 1892 1487 1926 etiam
1510 1893 1549 1927 in

834 1934 1077 1980 exprimendis
1091 1935 1422 1972 vehementioribus
1436 1938 1549 1972 animi

833 1979 990 2013 motibus
1008 1981 1061 2021 (ἐν
1078 1984 1155 2015 τοῖς
1172 1982 1404 2026 παθητικοῖς)
1429 1984 1547 2018 conci-

833 2029 958 2068 tatam,
976 2025 1159 2059 interdum
1174 2026 1332 2061 vividam
1355 2026 1548 2063 fervidam-

834 2081 903 2115 que
917 2071 1028 2104 fuisse
1043 2070 1310 2116 comprobatur,
1329 2076 1369 2106 ut
1383 2075 1548 2119 exemplo

832 2119 932 2162 utar,
962 2114 1109 2160 sublimi
1127 2115 1273 2150 dicendi
1296 2128 1447 2162 genere,
1477 2129 1549 2163 quo

834 2165 1024 2195 narrantur
1050 2171 1108 2195 res
1129 2161 1367 2197 Psammeniti
1394 2164 1464 2204 (HI
1481 2165 1551 2209 14),

835 2206 1087 2251 Lycophronis
1112 2206 1125 2251 ζ
1127 2206 1185 2240 III
1207 2208 1284 2251 50),
1307 2209 1428 2242 uxoris
1450 2209 1550 2244 Inta-

836 2251 982 2296 phernis
1007 2250 1083 2293 (HI
1101 2251 1175 2285 118.
1197 2252 1291 2295 119).
1349 2253 1489 2294 Quibus
1512 2255 1549 2288 in

836 2296 1102 2330 narrationibus
1130 2297 1351 2332 adornandis
1379 2310 1465 2333 usus
1494 2305 1551 2334 est

836 2341 1019 2376 uberrima
1047 2341 1268 2376 locutionum
1296 2343 1420 2388 copia,
1456 2355 1550 2389 quae

838 2387 884 2421 ad
898 2386 1143 2430 Aeschyleam
1156 2387 1346 2422 verborum
1390 2390 1550 2423 randita-

838 2435 913 2466 tem
935 2431 1097 2477 proxime
1120 2432 1317 2477 accedunt,
1346 2400 1389 2467 id
1409 2436 1507 2478 quod
1531 2446 1550 2470 e

839 2477 1132 2522 frequentissimo
1144 2478 1421 2513 translationum
1434 2482 1468 2522 (μ
1474 2495 1550 2514 ετα-

841 2525 979 2567 φοριῦι)
997 2521 1224 2567 potissimum
1240 2534 1309 2557 usu
1322 2525 1553 2570 cognoscitur

840 2571 943 2612 (quas
981 2568 1103 2612 posuit
1138 2567 1241 2602 brevi
1278 2569 1315 2603 in
1356 2575 1553 2615 conspectu

841 2613 980 2647 Wendt
996 2613 1041 2648 de
1056 2616 1144 2647 orat.
1159 2613 1296 2648 Herod.
1310 2626 1346 2659 p.
1357 2615 1424 2658 14).
1449 2614 1552 2656 Quae

841 2661 1015 2703 quantum
1043 2658 1192 2692 valeant
1218 2659 1266 2692 ad
1293 2659 1484 2693 veritatem
1517 2665 1553 2694 et

840 2704 1042 2738 naturalem
1070 2704 1252 2747 quendam
1279 2704 1441 2749 vigorem
1475 2716 1553 2740 ora-

842 2749 948 2783 tionis
966 2759 1038 2783 non
1056 2752 1110 2782 est
1127 2749 1223 2793 quod
1241 2760 1428 2794 exponam.
