1794 3282
209 1819 242 1844 54

214 2358 246 2385 55

255 243 340 286 200
661 245 977 282 ΗΡΟΔΟΤΟΥ
1005 245 1044 278 Γ.
1070 245 1218 280 53—55.

253 324 375 377 τέρα,
411 320 568 361 δοκέων
592 333 666 370 μιν
696 314 889 368 μάλιστα
913 313 1046 370 ταύτῃ
1073 311 1124 356 ἂν
1147 317 1412 358 πείθεσθαι.
1463 313 1620 358 ἀπικο-

254 391 384 441 μένης
416 386 461 427 δὲ
491 383 649 439 ταύτης
678 384 751 425 καὶ
781 382 989 438 λεγούσης
1014 375 1082 422 “ὦ
1119 389 1221 434 παῖ,
1259 382 1440 436 βούλεαι
1469 383 1544 439 τήν
1574 399 1621 426 τε

254 452 485 508 τυραννίδα
517 449 560 501 ἐς
591 447 748 500 ἄλλους
783 457 934 492 πεσεῖν
969 450 1042 491 καὶ
1077 447 1151 492 τὸν
1188 447 1303 492 οἷκον
1339 454 1415 492 τοῦ
1452 449 1622 506 πατρὸς

256 520 586 575 διαφορηθέντα
627 518 790 571 μᾶλλον
832 514 859 573 ἢ
897 513 1028 567 αὐτός
1065 532 1181 573 σφεα
1215 516 1459 560 κατελθὼν
1491 517 1621 571 ἔχειν,-

255 583 397 629 ὂὶπιθι
423 584 465 636 ἐς
489 583 543 627 τὰ
569 584 702 636 οἰκία,
737 588 907 627 παῦσαι
939 582 1128 627 σεωυτὸν
1161 584 1333 640 ζημιῶν.
1394 586 1621 641 φιλοτιμίη

255 657 395 710 κτῆμα
426 652 596 696 σκαιόν·
633 651 690 708 μὴ
721 656 782 708 τῴ
815 655 929 708 κακῷ
965 650 1016 694 τὸ
1053 650 1180 694 κακὸν
1217 651 1284 694 ἷιῦ.
1343 653 1501 694 πολλοὶ
1536 656 1623 694 τῶν

257 721 434 763 δικαίων
465 719 520 763 τὰ
553 719 850 774 ἐπιεικέστερα
881 723 1158 776 προτιθεῖσι,
1198 720 1355 763 πολλοὶ
1387 719 1433 762 δὲ
1464 717 1542 775 ἤδη
1568 717 1624 761 τὰ

255 788 455 845 μητρώια
476 787 695 843 διζήμενοι
713 785 768 830 τὰ
782 787 987 844 πατρώια
1002 785 1236 842 ἀπέβαλον.
1267 787 1464 842 τυραννὶς
1482 791 1625 843 χρῆμα

259 855 489 913 σφαλερόν,
528 856 686 898 πολλοὶ
712 855 759 898 δὲ
784 853 914 912 αι’-τῆς
946 854 1127 910 ἐρασταί
1151 854 1254 906 εἰσι,
1294 852 1316 897 ὁ
1350 855 1396 897 δὲ
1419 857 1553 911 γέρων
1577 870 1625 897 τε

261 921 338 979 ἤδη
364 925 436 965 καὶ
456 923 738 980 παρηβηκώς·
764 921 822 979 μὴ
846 922 931 979 δῷς
950 921 1005 965 τὰ
1026 927 1217 965 σεωυτοῦ
1238 920 1389 977 ἀγαθὰ
1409 919 1622 965 ἄλλοισι.”

261 989 283 1047 ἡ
314 991 390 1045 μὲν
423 989 472 1046 δη
503 990 558 1035 τὰ
590 990 905 1046 ἐπαγωγότατα
936 990 1200 1043 διδαχθεῖσα
1231 987 1319 1032 ὑπὸ
1350 993 1427 1032 τοῦ
1457 988 1626 1046 πατρὸς

262 1058 377 1115 ἔλεγε
401 1057 514 1115 πρὸς
540 1056 688 1101 αὐτόν·
716 1056 738 1100 ὃ
766 1058 812 1100 δὲ
838 1055 1179 1113 ὑποκρινάμενος
1205 1056 1288 1114 ἔφη
1315 1054 1485 1111 οὐδαμὰ
1510 1053 1625 1113 ἥξειν

263 1125 306 1178 ἐς
329 1126 563 1184 Κόρινθον,
599 1124 681 1169 ἔστ’
705 1123 756 1168 ἂν
781 1125 1060 1181 πυνθάνηται
1085 1125 1316 1181 περιεόντα
1340 1122 1415 1167 τὸν
1440 1128 1625 1182 πατέρα.

264 1192 589 1250 ἀπαγγειλάσης
627 1194 672 1236 δὲ
707 1193 866 1249 ταύτης
901 1196 1056 1244 ταῦτα,
1095 1190 1145 1235 τὸ
1183 1196 1327 1248 τρίτον
1364 1192 1628 1249 Περίανδρος

263 1262 422 1319 κήρυκα
446 1265 614 1315 πέμπει
637 1260 900 1315 βουλόμενος
926 1257 1056 1310 αὐτὸς
1080 1260 1156 1314 μὲν
1189 1259 1232 1310 ές
1255 1263 1473 1316 Κέρκυραν
1498 1256 1625 1316 ἥκειν,

264 1329 421 1372 ἐκεῖνον
448 1330 494 1371 δὲ
520 1328 683 1371 ἐκέλευε
709 1327 751 1379 ἐς
770 1328 990 1382 Κόρινθον
1011 1325 1274 1380 ἀπικόμενον
1295 1327 1495 1380 διάδοχον
1513 1330 1628 1383 γενέ-

265 1401 375 1440 σθαι
400 1401 475 1453 τῆς
500 1396 762 1451 τυραννίδος.
812 1398 1141 1444 καταινέσαντος
1168 1392 1206 1435 δ’
1231 1393 1305 1437 ἐπὶ
1330 1394 1527 1438 τούτοισι
1551 1399 1628 1436 τοῦ

263 1464 443 1515 παιδός,
478 1461 499 1506 ὁ
525 1464 600 1517 μὲν
626 1462 890 1519 Περίανδρος
917 1461 1135 1505 ἐστέλλετο
1169 1460 1211 1512 ἐς
1241 1460 1314 1517 τὴν
1339 1465 1569 1519 Κέρκυραν,
1605 1459 1627 1504 ὃ

266 1533 312 1575 δὲ
336 1540 444 1582 παῖς
470 1531 512 1574 οἱ
537 1530 580 1581 ἒς
609 1530 683 1586 τὴν
708 1530 948 1586 Κόρινθον·
979 1530 1201 1584 μαθόντες
1233 1529 1279 1571 δὲ
1305 1528 1347 1572 οἱ
1371 1535 1632 1586 Κερκυραῖοι

264 1601 429 1643 τούτων
456 1598 626 1650 ἕκαστα,
654 1598 725 1641 ἵνα
749 1598 806 1654 μή
830 1614 912 1654 σφι
930 1598 1194 1654 Περίανδρος
1215 1596 1256 1648 ἒς
1275 1595 1349 1653 τὴν
1366 1597 1507 1653 χώρην
1528 1594 1634 1639 ἀπί-

265 1685 402 1724 κηται,
430 1670 644 1710 κτείνουσι
668 1665 741 1709 τὸν
767 1669 996 1722 νεηνίσκον.
1043 1663 1137 1709 ἀντὶ
1161 1665 1326 1708 τούτων
1350 1665 1426 1719 μὲν
1451 1667 1633 1721 Περίαν-

267 1737 368 1792 δρος
393 1738 685 1792 Κερκυραίους
711 1732 982 1790 ἐτιμωρέετο.

323 1802 667 1857 Λακεδαιμόνιοι
699 1802 745 1844 δὲ
777 1802 918 1857 στόλῳ
956 1801 1129 1857 μεγάλῳ
1169 1798 1229 1851 ὥς
1261 1797 1487 1852 ἀπίκοντο,
1527 1799 1634 1842 ἕπο-

268 1872 460 1928 λιόρκεον
482 1871 646 1924 Σάμον·
673 1869 996 1925 προσβαλόντες
1023 1869 1069 1911 δὲ
1093 1867 1205 1923 πρὸς
1229 1867 1278 1910 τὸ
1299 1876 1439 1920 τεῖχος
1458 1872 1535 1910 τοῦ
1554 1868 1632 1922 μὲν

268 1938 379 1994 πρὸς
403 1938 609 1994 θαλάσσῃ
638 1936 848 1986 ἑστεῶτος
873 1937 1038 1992 πύργου
1066 1934 1174 1978 κατὰ
1200 1934 1248 1978 τὸ
1278 1935 1537 1991 προάστειον
1556 1939 1634 1991 τῆς

268 2008 426 2057 πόλιος
453 2005 682 2060 ἐπέβησαν,
715 2003 825 2058 μετὰ
857 2004 901 2046 δὲ
934 2002 1067 2046 αὐτοῦ
1096 2003 1385 2058 βωθησαντος
1410 2002 1633 2057 Πολυκρά-

268 2090 364 2124 τεος
379 2074 490 2129 χειρὶ
510 2073 650 2127 πολλῇ
673 2069 980 2127 ἀπηλάθησαν.
1017 2069 1126 2112 κατὰ
1147 2070 1192 2111 δὲ
1211 2069 1284 2112 τὸν
1300 2068 1446 2111 ἐπάνω
1466 2068 1632 2124 πύργον

268 2141 343 2185 τὸν
369 2140 443 2183 ἐπὶ
467 2144 541 2196 τῆς
567 2139 715 2196 ῥάχιος
740 2142 816 2181 τοῦ
849 2136 999 2194 οὔρεος
1030 2136 1214 2180 ἐπεόντα
1245 2136 1487 2192 ἐπεξῆλθον
1519 2136 1565 2178 οἵ
1585 2153 1631 2180 τε

272 2209 497 2265 ἐπίκουροι
526 2209 598 2249 καὶ
630 2203 769 2248 αὐτῶν
795 2209 971 2260 Σαμίων
1004 2208 1162 2258 συχνοί,
1198 2204 1423 2258 δεξάμενοι
1456 2204 1501 2246 δὲ
1531 2203 1633 2254 τοὺς

270 2276 643 2330 Λακεδαιμονίους
674 2271 739 2316 ἐπ’
758 2271 901 2329 ὀλίγον
923 2272 1075 2327 χρόνον
1102 2272 1282 2328 ἔφευγον
1315 2269 1479 2314 ὀπίσω·
1519 2270 1561 2314 οἱ
1587 2272 1634 2313 δὲ

273 2344 564 2398 ἐπισπόμενοι
591 2342 785 2385 ἔκτεινον.
830 2340 868 2384 εἰ
892 2343 968 2395 μέν
994 2357 1065 2382 νυν
1092 2339 1134 2382 οἱ
1158 2339 1394 2394 παρεόντες
1418 2339 1636 2382 Λακεδαι-

271 2415 431 2469 μονίων
458 2409 606 2466 ὁμοῖοι
631 2409 820 2466 ἐγένοντο
851 2408 1008 2464 ταύτην
1038 2407 1112 2464 τὴν
1139 2405 1296 2463 ἡμέρην
1317 2403 1455 2463 ᾍρχίῃ
1487 2423 1534 2449 τε
1565 2408 1637 2449 καὶ

271 2480 486 2537 Λυκώπῃ,
526 2479 683 2536 αἱρέθη
723 2475 773 2520 ἂν
804 2477 972 2531 Σάμος·
1005 2473 1170 2532 Ἀρχίης
1204 2473 1284 2530 γὰρ
1316 2476 1388 2517 καὶ
1417 2474 1639 2531 Λυκώπης

273 2554 427 2605 μοῦνοι
457 2545 793 2603 συνεσπεσόντες
826 2544 1037 2601 φεύγουσι
1070 2543 1112 2594 ἐς
1142 2541 1191 2586 τὸ
1229 2551 1370 2595 τεῖχος
1404 2551 1522 2585 τοῖσι
1551 2550 1638 2586 Σα-

274 2622 435 2672 μίοισι,
474 2616 547 2658 καὶ
573 2612 943 2670 ἀποκληισθέντες
972 2616 1048 2668 τῆς
1080 2609 1225 2654 ὀπίσω
1254 2607 1378 2661 ὁδοῦ,
1412 2607 1639 2653 ἀπέθανον

278 2685 319 2729 ἒν
343 2689 395 2741 τῇ
422 2685 528 2728 πόλι
553 2687 602 2739 τῇ
629 2686 825 2736 Σαμίων·
862 2684 994 2737 τρίτῳ
1028 2680 1074 2722 δὲ
1104 2676 1180 2722 ἀπ’
1192 2676 1364 2735 Ἀρχίεω
1389 2679 1544 2721 τούτου
1569 2694 1639 2733 γε-

281 2753 425 2809 γονότι
446 2749 560 2808 ἄλλῳ
571 2749 708 2808 Ἀρχίῃ
729 2753 790 2805 τῷ
804 2751 970 2803 Σαμίου
992 2751 1068 2791 τοῦ
1078 2745 1249 2803 Ἀρχίεω
1271 2743 1399 2796 αὗτὸς
1419 2744 1460 2787 ἒν
1473 2745 1637 2800 Πιτάνῃ
