1794 3282
506 234 601 259 VITA
626 235 676 259 ΕΤ
702 232 874 260 SCRIPTIS
900 232 1199 260 COMMENTATIO-

176 307 346 352 Sequitur
369 308 467 341 tertia
497 307 661 341 codicum
689 307 841 351 familia,

129 363 222 398 quae
245 364 326 387 cum
350 352 454 397 quasi
477 352 637 385 medium
661 353 856 396 quendam'

128 399 246 433 locum
263 399 358 432 inter
374 397 488 431 codic.
520 397 581 432 SV
598 398 718 432 Vatic.
737 398 840 432 Rom.

129 443 226 478 Vall.
241 443 288 477 ab
302 443 416 477 altera
428 445 532 487 parte
547 445 583 476 et
595 442 726 477 Medic.
738 443 840 477 Pass.

130 487 227 522 Flor.
245 488 376 522 Ascev.
396 487 442 521 ab
460 487 575 521 altera
596 491 721 522 teneat
737 488 843 522 modo

130 533 178 568 ad
199 534 266 567 hos
289 533 396 566 modo
426 533 473 566 ad
499 532 580 566 illos
604 534 720 579 magis
743 533 842 567 incli-

130 589 239 621 nans,
262 577 437 612 minorem
461 577 573 611 habet
590 578 843 612 auctoritatem

128 622 166 658 in
194 623 373 657 Herodoti
400 623 522 657 verbis
549 624 684 657 rectius
713 623 843 657 consti-

128 668 285 702 tuendis.
342 668 502 708 Quorum
536 668 644 713 longe
672 668 844 713 princeps

129 713 320 748 habendus
344 717 398 747 est
420 713 652 747 Parisinus
675 714 710 746 A
733 713 844 764 (apud

130 759 352 804 W'esseling.
367 758 451 791 Par.
462 758 514 801 C),
529 768 600 801 quo
613 758 795 791 nonnullis
808 758 843 790 in

129 804 218 838 locis
242 803 420 837 Herodoti
443 803 556 837 verba
585 803 778 836 emendata
808 807 843 836 et

130 850 176 883 ad
194 848 444 894 integritatem
461 859 562 881 suam
578 851 748 881 revocata
765 857 843 880 esse

130 894 371 928 concedamus
415 895 568 937 oportet.
622 892 688 925 Est
732 892 857 925 codex»

129 939 429 973 membranaceus
461 948 556 971 saec.
587 937 664 970 ΧΠ
695 947 843 970 numero

130 982 410 1018 MDCXXXlH
435 982 646 1027 designatus
671 982 731 1023 (cf.
754 981 842 1014 Lar-

130 1029 226 1064 cher.
242 1028 377 1062 Herod.
400 1032 434 1061 T.
449 1027 467 1061 Ι
480 1039 514 1072 p.
525 1031 652 1070 xxxv1).
684 1026 843 1060 Contulit

131 1085 212 1109 eum
233 1085 314 1108 cum
333 1072 448 1106 tribus
463 1073 544 1107 aliis
558 1072 736 1106 Parisinis
752 1071 842 1106 Gor-

130 1119 258 1165 giades
287 1119 324 1152 in
355 1117 694 1163 Schweighaeuseri
726 1129 842 1161 usum,

130 1164 192 1209 qui
205 1167 318 1198 totam
327 1163 567 1197 conlationem
580 1163 617 1196 in
631 1173 732 1196 suam
746 1172 842 1196 rece-

128 1211 184 1256 pit
200 1209 406 1243 editionem.
439 1208 644 1252 Scripturas
661 1208 767 1241 huius
786 1218 841 1241 co-

130 1255 220 1290 dicis
236 1254 401 1299 proprias
420 1253 623 1288 examinavi
640 1253 678 1287 in
700 1252 840 1286 dissert.

131 1313 158 1335 s.
177 1301 199 1334 l.

174 1346 304 1379 Alter
326 1345 440 1379 codex
461 1343 701 1378 Parisinus
726 1346 782 1385 (Ξ
797 1343 842 1385 Β)

130 1391 342 1426 chartaceus
355 1401 451 1423 num.
462 1388 741 1424 MDCXXXIV
750 1388 842 1434 sign.

129 1440 296 1471 exaratus·
314 1439 369 1470 est
386 1446 418 1469 a.
437 1434 526 1468 1372
542 1446 577 1479 p.
598 1433 680 1468 Chr.
700 1446 734 1467 n.

177 1482 209 1516 Τ
219 1481 359 1516 ertius
373 1484 428 1524 (Ξ
442 1480 496 1522 C„
514 1480 612 1525 apud
620 1479 840 1524 XVesseling.

128 1527 176 1571 A)
199 1527 286 1561 item
309 1526 522 1561 chartaceus
544 1536 577 1559 a.
597 1524 684 1559 1447
702 1537 737 1569 p.
758 1524 841 1558 Chr.

128 1585 164 1607 n.
190 1575 357 1607 exaratus
386 1574 457 1614 est-3
491 1570 535 1604 de
564 1581 634 1615 quo
659 1569 842 1615 Schweig—

128 1618 294 1652 haeuser.
309 1617 346 1651 in
360 1615 475 1661 praef.
490 1616 509 1650 I
525 1627 672 1660 p.xxxrv
688 1615 741 1649 ita
758 1615 842 1649 scri-

127 1663 200 1698 bit:
230 1664 294 1697 Est
315 1663 366 1696 hic
390 1663 494 1695 coclea:
522 1662 668 1694 eiusdem
690 1661 844 1703 familiae

1458 230 1579 259 XXXI

866 307 1017 341 multum
1040 305 1179 340 fructus
1202 306 1249 340 ad
1268 305 1446 340 Herodoti
1470 305 1580 340 verba

867 352 1094 386 emendanda
1110 351 1394 386 redundaturum
1408 361 1485 385 esse
1499 361 1580 384 mox

866 397 1105 431 intellexisset
1121 396 1152 430 is
1169 397 1231 441 qui
1244 396 1406 440 contulit,
1424 396 1579 440 reliquo-

867 454 945 476 rum
962 442 1134 475 librorum
1152 441 1392 476 conlationem
1409 441 1541 474 omisit.

913 487 1066 521 Praeter
1086 487 1215 530 libros,
1240 498 1329 531 quos
1352 497 1461 531 supra
1485 497 1582 520 com-

868 532 1080 576 memoravi,
1111 536 1303 577 supersunt
1331 531 1494 566 nonnulli
1516 542 1580 576 pa-

868 589 947 611 rum
964 580 1132 612 accurate
1151 577 1337 622 explorati.

915 622 1074 663 Quorum
1099 622 1235 666 primus
1260 626 1315 656 est
1340 622 1417 656 cod.
1438 621 1580 656 Vene-

869 672 938 702 tus
962 668 1060 711 apud
1077 667 1312 712 W'esseling.,
1337 667 1438 701 cuius
1456 666 1579 700 lectio-

868 723 932 746 nes
947 723 988 745 ex
998 712 1141 745 Zanetti
1155 712 1322 757 catalogo
1335 711 1581 746 bibliothecae

870 756 1030 791 SMarci
1048 757 1178 790 ductae
1197 761 1278 790 sunt
1296 767 1362 790 nec
1379 757 1473 790 ultra
1490 755 1578 790 lib.I

870 813 898 836 c.
914 802 957 836 32
971 802 1262 846 progrediuntur.
1286 801 1352 834 Est
1366 802 1458 834 liber
1471 812 1580 834 mem-

868 847 1090 888 branaceuS,
1121 857 1214 880 saec.
1240 846 1324 890 XV,
1355 846 1520 891 signatus
1544 857 1578 879 n.

869 890 1097 925 CCCLXIV.
1122 891 1313 932 Baehrius,
1330 891 1399 935 'qui
1417 890 1581 924 codicem

868 936 1041 981 inspexit,
1072 946 1154 969 eum
1176 935 1336 970 melioris
1365 935 1582 969 conditionis

868 992 946 1061 qque
970 992 1033 1015 suo
1055 981 1133 1015 iure
1156 980 1304 1026 negavit
1327 980 1386 1024 (cf.
1406 980 1493 1014 Her.
1512 980 1582 1015 vol.

915 1070 1086 1115 Sequitur
1132 1071 1436 1116 Remigiensis
1489 1070 1583 1105 liber

868 1117 1082 1151 chartaceus
1105 1127 1199 1150 saec.
1219 1116 1291 1151 XV
1309 1120 1494 1160 exaratus,
1519 1115 1583 1160 qui

868 1161 1005 1206 priores
1023 1162 1112 1195 duos
1126 1161 1287 1195 librosaet
1300 1172 1471 1207 magnam
1483 1161 1583 1195 tertii

868 1211 1008 1251 partem
1023 1206 1284 1251 complectitur.
1308 1206 1456 1241 Desinit
1468 1207 1505 1240 in
1518 1206 1581 1240 lib.

868 1252 924 1286 ΠΙ
943 1253 996 1286 70.
1029 1252 1101 1285 Pro
1132 1252 1184 1286 ior
1197 1251 1340 1286 videtur
1356 1262 1435 1286 esse
1449 1251 1582 1286 codici-

870 1298 935 1331 bus
953 1297 1068 1330 MPF
1122 1323 1129 1340 ,
1155 1307 1363 1342 quanquam
1385 1297 1484 1331 haud
1501 1308 1584 1331 raro

868 1354 949 1376 cum
978 1342 1168 1377 deterioris
1200 1342 1362 1377 familiae
1395 1342 1583 1377 codicibus

868 1387 1057 1422 consentit.
1091 1388 1312 1422 Asservatur
1326 1388 1364 1421 in
1381 1391 1533 1421 monast.
1545 1387 1581 1421 S.

868 1433 1025 1478 Remigii
1043 1433 1338 1479 congregationis
1357 1432 1392 1468 S.
1409 1433 1528 1467 Mauri
1544 1432 1584 1466 in

867 1479 1034 1513 Francia.

915 1524 1063 1558 Tertius
1117 1527 1417 1558 commemoratur
1469 1523 1583 1558 codex

868 1569 1125 1612 Etonensis,
1151 1568 1252 1603 cuius
1271 1568 1408 1603 Galeus
1425 1579 1580 1613 perpau-

869 1626 929 1648 cas
944 1614 1103 1648 enotavit
1118 1614 1314 1659 scripturas
1328 1614 1378 1657 (in
1393 1614 1476 1648 edit.
1486 1614 1584 1648 Lon-

869 1659 1006 1694 dincns.
1027 1660 1140 1702 1679),
1165 1670 1244 1693 cum
1263 1658 1473 1694 Gaisfordio
1487 1670 1583 1693 com-

130 1721 205 1743 eum
223 1720 260 1742 eo
277 1719 375 1753 quem
388 1707 501 1751 primo
516 1707 590 1740 loco
605 1706 798 1748 nomz'navz';
815 1712 844 1739 et
868 1705 1080 1738 municatas.
1115 1706 1170 1738 Ac
1184 1715 1265 1738 mea
1279 1704 1426 1748 quidem
1440 1708 1583 1738 senten-

130 1756 206 1788 lz'cet
224 1759 334 1787 aetate
350 1754 391 1786 sit
408 1752 588 1794 recentior,
613 1758 726 1785 tamen
750 1752 843 1784 boni·
868 1751 921 1784 tia
948 1761 1066 1794 neque
1090 1749 1282 1783 Etonensis
1311 1760 1429 1794 neque
1452 1749 1582 1783 Pala-

130 1805 199 1833 tate
214 1799 305 1833 haud
320 1799 462 1831 multum
484 1798 589 1830 eidem
612 1797 696 1830 cedit
703 1809 717 1838 ,·
744 1802 844 1841 atque
868 1796 997 1839 tinus,
1012 1795 1112 1829 cuius
1125 1794 1298 1829 lectiones
1313 1794 1467 1829 subiecit
1475 1794 1583 1828 Creu-

129 1856 194 1878 usu
211 1845 310 1878 etiam
324 1843 420 1876 nobis
433 1843 601 1875 interdum
615 1843 702 1875 venit
714 1847 750 1875 ut
758 1853 842 1885 pro-
868 1851 972 1874 zerus
1011 1837 1385 1874 commentationibus
1418 1839 1583 1873 Herodo-

131 1891 323 1925 batissimas
337 1889 497 1922 lectiones
510 1899 550 1921 ez
563 1888 621 1920 illo
630 1888 843 1931 potuerimus
868 1886 949 1929 teis,
968 1885 1070 1931 digni
1084 1888 1167 1919 sunt
1179 1885 1243 1929 qui
1256 1886 1460 1919 accuratius
1473 1885 1583 1931 inspi-

122 1935 306 1980 proferre,
330 1945 416 1979 quas
434 1944 474 1966 ex
491 1934 599 1966 altero
622 1945 692 1965 non
714 1933 841 1976 reperi·
870 1931 1011 1966 ciantur
1028 1933 1137 1974 atque
1157 1929 1399 1964 conferantur.

128 1992 204 2014 mus
232 1985 397 2014 enotatas.
445 1978 552 2012 Num.
584 1976 841 2012 MDCXXXV
913 1975 971 2010 Dc
996 1976 1136 2009 duobus
1160 1975 1491 2019 Oxoniensissbus
1508 1976 1583 2010 He-

130 2026 295 2072 signatus
314 2027 378 2058 est.
867 2021 985 2056 rodoti
1001 2021 1103 2055 libris
1121 2021 1335 2064 chartaceis,
1353 2021 1497 2055 saeculo
1511 2021 1585 2056 XV

176 2072 367 2113 Quartus
396 2069 510 2104 codex
531 2068 765 2103 Parisinus
789 2070 800 2111 (
869 2066 1024 2102 exaratis
1043 2069 1077 2100 et
1101 2078 1135 2100 n.
1155 2064 1277 2101 CXIV
1295 2070 1331 2100 et
1348 2065 1416 2101 CH
1434 2067 1587 2112 signatis

128 2117 165 2152 D
189 2117 264 2151 sive
287 2116 358 2155 Pd)
382 2115 540 2149 chartac.
560 2114 715 2158 scriptus
739 2117 793 2147 est
810 2124 841 2147 a.
868 2112 960 2146 nihil
983 2114 1207 2157 compertum
1228 2111 1358 2145 habeo.
1409 2111 1465 2146 Cf.
1489 2112 1585 2146 Coxe

130 2163 220 2197 1474
251 2174 286 2206 p.
318 2160 401 2195 Chr.
435 2172 459 2193 n
504 2159 689 2205 (signatus
722 2162 776 2193 est
807 2171 841 2192 n.
870 2158 1024 2203 catalog.
1045 2157 1160 2192 codic.
1179 2168 1357 2191 manuscr.
1379 2157 1468 2191 bibl.
1487 2157 1584 2191 Bod-

128 2205 478 2249 MMCMXXXIIJ).
870 2203 928 2238 lei.
948 2203 966 2237 I
984 2203 1060 2237 186.
1080 2203 1157 2237 679.

177 2253 367 2294 Quintus
417 2251 531 2285 codex
575 2249 845 2285 recentissimus
915 2248 1125 2282 Editionum
1157 2247 1297 2282 indices
1330 2247 1390 2282 hic
1418 2252 1585 2293 repetere

131 2303 188 2343 (Ξ
204 2299 235 2332 Ε
258 2298 332 2332 sive
349 2297 416 2341 Pe)
438 2296 519 2330 libr.
536 2295 555 2330 I
578 2306 606 2330 c.
628 2296 738 2329 1-87
763 2305 845 2329 con·
869 2295 928 2328 vix
960 2293 1067 2327 huius
1098 2293 1186 2336 loci,
1221 2293 1412 2338 primarias
1444 2297 1586 2327 tantum

130 2345 234 2379 tinet.
269 2343 408 2384 Quibus
871 2339 1030 2374 breviter
1048 2338 1263 2381 recensebo,
1293 2349 1442 2382 quorum
1464 2342 1585 2372 aucto-

180 2388 338 2423 Sextus
371 2387 515 2421 accedit
550 2385 644 2420 liber
676 2384 846 2419 Parisi-
871 2395 927 2418 res
944 2384 980 2418 in
995 2383 1172 2417 Herodoti
1185 2383 1348 2417 historiis
1363 2383 1587 2428 explicandis

132 2445 230 2477 nuS‚
248 2433 310 2478 qui
324 2443 366 2467 ex
374 2431 551 2466 Herodoti
560 2430 674 2465 Musis
688 2430 848 2464 continet
872 2434 982 2474 atque
1001 2428 1237 2462 emendandis
1260 2427 1400 2471 aliquid
1422 2428 1587 2472 profece-

134 2479 342 2525 fi·agmenta
368 2477 468 2511 haud
496 2487 614 2521 pauca
636 2475 846 2520 (Fragmen-
872 2474 1000 2508 runt.31
1041 2474 1097 2507 Ac
1111 2476 1304 2518 postquam
1318 2473 1495 2507 Herodoti
1508 2484 1587 2507 ver-

135 2529 212 2559 tum
232 2523 385 2558 Parisin.
402 2522 500 2567 apud
516 2521 764 2572 wesseling).
874 2520 920 2553 ba
943 2519 979 2552 in
1008 2518 1159 2552 latinum
1181 2517 1359 2552 convertit
1385 2528 1588 2552 sermonem

181 2571 251 2605 His
274 2569 491 2614 subiungam
513 2566 848 2600 Ambrosranum
872 2565 1001 2598 Laur.
1034 2563 1166 2598 Valla
1202 2563 1353 2603 (Venet.
1384 2563 1458 2596 Iac.
1490 2563 1585 2596 Rub.

138 2617 196 2663 (=
215 2615 262 2659 G)
280 2618 317 2649 et
333 2613 596 2650 Urbinatem
613 2614 668 2654 (=
686 2611 734 2654 U)
752 2610 846 2645 codi-
874 2609 985 2653 1474),
1007 2618 1100 2652 quae
1115 2608 1300 2642 conversio
1320 2608 1454 2642 codicis
1473 2607 1590 2642 instar

138 2673 216 2705 ees'
245 2671 399 2712 quofun}
423 2661 636 2703 scnpturas'
666 2667 685 2690 e
708 2655 848 2707 duo-bus
905 2688 931 2708 31
952 2690 994 2714 De
1020 2689 1190 2714 editionibus
1205 2688 1342 2714 Herodoti
1363 2689 1477 2720 copiose
1496 2689 1539 2720 egi
1560 2690 1588 2714 in

137 2711 278 2760 taqtfssm
310 2705 413 2757 hbrls
445 2704 669 2759 depromtas,
703 2700 849 2736 exmbet
875 2724 975 2749 Philol.
990 2723 1054 2748 XXI
1070 2724 1225 2753 p.79—100
1239 2722 1300 2752 (Die
1309 2722 1485 2749 Tezteskrt'tst
1498 2722 1590 2748 inffe-

139 2754 251 2789 edltlo
270 2751 500 2787 VVeldmann.
533 2748 640 2784 Unde
658 2758 739 2782 (tum
751 2746 850 2781 haud
874 2757 965 2784 rodots
979 2756 1224 2787 Geschz'chtsuerk).
1353 2765 1356 2768 ·
