1794 3282
205 885 241 911 45

209 2239 244 2264 46

211 2781 243 2805 U

268 255 348 297 196
670 261 986 296 ΗΡΟΔΟΤΟΥ
1015 261 1055 295 Γ.
1079 261 1227 297 44-47.

265 331 545 388 Πολυκράτης
572 331 618 373 δὲ
643 333 827 385 πέμψας
853 328 975 385 παρὰ
994 329 1230 387 Καμβύσην
1255 329 1328 374 τὸν
1348 331 1504 388 Κύρου,
1534 332 1636 374 συλ-

267 402 444 455 λέγοντα
471 395 655 453 στρατὸν
681 394 746 439 ἐπ’
763 397 1000 452 Αἴγυπτον,
1030 395 1190 453 ἐδεήθη
1219 395 1329 449 ὅκως
1355 396 1406 441 ἂν
1432 400 1503 441 καὶ
1529 396 1630 453 παρ’

267 465 428 509 ἑωυτὸν
454 468 638 520 πέμψας
663 463 706 515 ἐς
731 464 878 518 Σάμον
905 464 1048 507 δέοιτο
1076 469 1277 520 στρατοῦ.
1327 466 1561 522 Καμβύσης
1589 466 1635 508 δὲ

266 533 456 584 ἀκούσας
485 532 651 576 τούτων
682 532 931 588 προθύμως
968 531 1138 587 ἔπεμπε
1175 531 1218 583 ἐς
1247 533 1394 587 Σάμον
1433 534 1635 588 δεόμενος

264 600 565 657 Πολυκράτεος
597 599 780 657 στρατὸν
816 598 1015 643 ναυτικὸν
1053 596 1144 655 ἅμα
1173 603 1353 656 πέμψαι
1385 600 1532 657 ἑωυτῷ
1565 598 1631 643 ἐπ’

264 668 503 724 Α’ίγυπτον.
548 665 570 710 5
599 668 645 710 δὲ
671 667 873 720 ἐπιλέξας
897 671 982 710 τῶν
1009 664 1153 711 ἀστιῦν
1177 666 1278 718 τοὺς
1303 665 1527 711 ὗπόπτευε
1550 668 1636 722 μά-

266 738 394 779 λιστα
420 735 462 787 ἒς
488 735 785 779 ἐπανάστασιν
811 733 1050 790 ἀπέπεμπε
1079 736 1395 791 τεσσεράκοντα
1425 735 1632 793 τριήρεσι,

266 803 561 859 ἐντειλάμενος
596 803 808 860 Καμβύσῃ
841 802 987 847 ὀπίσω
1024 803 1205 854 τούτους
1240 802 1298 860 μὴ
1337 801 1634 857 ἀποπέμπειν.

267 872 308 915 οἱ
332 872 407 926 μὲν
433 870 483 928 δὴ
509 873 681 928 λέγουσι
705 870 807 922 τοὺς
827 869 1209 928 ἀποπεμφθέντας
1228 875 1405 926 Σαμίων
1431 869 1506 914 οὐκ
1531 868 1637 914 ἀπι-

265 943 426 982 κέσθαι
457 939 500 990 ές
530 940 772 995 Αἴγυπτον,
808 937 897 981 ἀλλ’
922 939 1066 982 ἐπείτε
1098 939 1289 996 ἐγένοντο
1323 939 1364 982 ἒν
1396 939 1634 997 Καρπάθῳ

266 1007 504 1059 πλώοντες,
534 1008 683 1050 δοῦναι
710 1012 839 1064 σφίσι
864 1007 1003 1063 λόγον,
1032 1011 1105 1050 καί
1129 1023 1210 1065 σφι
1236 1005 1355 1050 ἁδεῖν
1381 1006 1430 1050 τὸ
1458 1022 1635 1062 προσιο-

265 1078 375 1131 τέρω
407 1075 558 1132 μηκέτι
588 1076 772 1118 πλώειν·
811 1074 854 1118 οἱ
892 1075 937 1118 δὲ
973 1075 1147 1130 λέγουσι
1184 1073 1474 1130 ἀπικομένους
1510 1090 1555 1116 τε
1594 1073 1636 1124 ἒς

265 1143 490 1198 Αἴγυπτον
510 1145 581 1186 καὶ
601 1145 959 1201 φυλασσομένους
980 1142 1178 1186 ἐνθεῦτεν
1199 1141 1355 1194 αὐτοὺς
1376 1140 1634 1198 ἀποδρῆναι.

267 1211 579 1254 καταπλώουσι
606 1211 651 1254 δὲ
683 1210 725 1261 ἒς
750 1210 823 1267 τὴν
849 1211 996 1265 Σάμον
1021 1212 1300 1268 Πολυκράτης
1330 1212 1454 1267 νηυσὶ
1487 1208 1636 1252 ἀντιά-

268 1294 348 1328 σας
374 1277 417 1329 ές
441 1279 579 1334 μάχην
610 1282 812 1334 κατέστη·
849 1279 1097 1335 νικήσαντες
1129 1278 1176 1320 δὲ
1202 1278 1244 1321 οἱ
1274 1278 1495 1328 κατιόντες
1527 1275 1636 1319 ἀπέ-

266 1349 403 1401 βησαν
437 1345 479 1396 ἐς
509 1346 583 1402 την
615 1350 753 1402 νῆσον,
793 1346 1169 1402 πεζομαχήσαντες
1201 1346 1247 1388 δὲ
1285 1345 1326 1387 έν
1359 1343 1465 1402 αὐτῇ
1498 1344 1637 1388 ἑσσώ-

268 1418 424 1470 θησαν,
452 1415 521 1455 καὶ
550 1410 662 1455 οἷ”τω
691 1413 740 1470 δη
769 1413 937 1456 ἔπλωον
965 1413 1006 1464 ἐς
1031 1414 1350 1467 Λακεδαίμονα.
1409 1412 1493 1455 εἶσὶ
1520 1412 1566 1455 δὲ
1593 1414 1636 1454 οἳ

268 1483 441 1537 λέγουσι
466 1480 566 1532 τοὺς
592 1478 667 1523 ἀπ’
683 1481 911 1536 Αἰγύπτου
932 1485 1103 1537 νικῆσαι
1122 1480 1414 1537 Πολυκράτεα,
1443 1481 1635 1535 λέγοντες

269 1548 364 1602 ἐμοὶ
393 1549 554 1591 δοκέειν
580 1546 656 1590 οῦκ
683 1547 851 1603 ὀρθῶς·
885 1546 1008 1591 οὐδὲν
1033 1547 1113 1605 γὰρ
1141 1547 1233 1591 ἔδεέ
1258 1563 1396 1605 σφεας
1421 1547 1638 1591 Λακεδαι-

267 1620 444 1670 μονίους
482 1615 815 1668 ἐπικαλέεσθαι,
857 1617 979 1673 εἴπερ
1019 1614 1144 1659 αὐτοὶ
1183 1616 1319 1658 ἱκανοὶ
1357 1609 1465 1672 ἦσαν
1497 1615 1638 1658 Πολυ-

268 1684 428 1741 κράτεα
453 1684 846 1741 παραστήσασθαι.
904 1683 1016 1739 πρὸς
1043 1684 1089 1726 δὲ
1112 1684 1310 1727 τούτοισι
1336 1682 1436 1727 οὐδὲ
1462 1680 1484 1726 5
1511 1682 1638 1738 λόγος

269 1752 424 1808 αἱρέει,
463 1756 523 1808 τῷ
557 1751 783 1809 ἐπίκουροί
812 1769 858 1795 τε
893 1753 1119 1807 μισθωτοὶ
1155 1754 1227 1795 καὶ
1262 1752 1440 1805 τοξόται
1477 1750 1638 1807 οἰκήιοι

269 1814 376 1876 ἦσαν
402 1820 570 1877 πλήθεϊ
594 1821 769 1872 πολλοί,
798 1824 950 1865 τοῦτον
976 1818 1063 1863 ὑπὸ
1090 1824 1174 1863 τῶν
1200 1820 1435 1863 κατιόντων
1461 1821 1637 1873 Σαμίων

270 1887 425 1931 ἐόντων
440 1886 596 1943 ὀλίγων
611 1887 877 1945 ἑσσωθῆναι.
915 1893 1000 1931 τιῦν
1043 1886 1296 1945 ’ὑπ’ἑωυτῴ
1313 1887 1468 1931 ἐόντων
1483 1887 1638 1941 πολιη-

268 1959 377 1999 τέων
407 1954 461 1998 τὰ
498 1959 623 1998 τέκνα
654 1958 726 1998 καὶ
757 1955 835 2007 τὰς
865 1964 1068 2011 γυναῖκας
1100 1953 1122 1999 5
1155 1956 1433 2013 Πολυκράτης
1465 1954 1507 2005 ἒς
1537 1952 1638 2004 τοὺς

270 2027 528 2074 νεωσοίκους
560 2023 812 2079 συνειλήσας
839 2021 923 2076 εἶχε
950 2023 1168 2078 ἑτοίμους,
1203 2022 1250 2079 ἢν
1277 2021 1362 2080 ἄρα
1387 2022 1636 2079 προδιδῶσι

272 2084 393 2133 οὗτοι
418 2089 530 2148 πρὸς
554 2089 653 2142 τοὺς
685 2091 929 2143 κατιόντας,
969 2089 1226 2148 ὑποπρῆσαι
1258 2089 1430 2134 αὐτοῖσι
1459 2092 1637 2133 νεωσοί-

272 2174 402 2201 κοισι.
1254 2208 1258 2211 ,

350 2224 517 2269 Ἑπείτε
550 2227 595 2269 δὲ
630 2226 671 2269 οἱ
703 2225 977 2278 ἐξελαθέντες
1008 2229 1183 2280 Σαμίων
1220 2224 1307 2269 ὕπὸ
1340 2225 1638 2283 Πολυκράτεος

270 2291 478 2336 ἀπίκοντο
506 2293 548 2344 ές
566 2293 641 2350 τὴν
661 2293 877 2350 Σπάρτην,
907 2294 1195 2345 καταστάντες
1217 2293 1291 2337 ἐπὶ
1310 2292 1411 2344 τοὺς
1431 2291 1638 2349 ἄρχοντας

270 2361 412 2418 ἔλεγον
438 2361 580 2404 πολλὰ
615 2361 687 2404 οἷα
712 2362 848 2417 κάρτα
875 2362 1086 2416 δεόμενοι.
1149 2362 1190 2405 οἱ
1223 2363 1270 2405 δέ
1301 2378 1382 2419 σφι
1407 2365 1457 2419 τῇ
1484 2362 1636 2418 πρώτῃ

268 2430 510 2473 καταστάσι
534 2428 815 2488 ὑπεκρίναντο
840 2429 895 2473 τὰ
919 2431 996 2485 μὲν
1021 2434 1178 2488 πρῶτα
1203 2432 1412 2484 λεχθέντα
1439 2429 1638 2486 ἐπιλελη-

268 2501 409 2550 θέναι,
438 2497 492 2540 τὰ
520 2498 566 2541 δὲ
590 2495 749 2556 ῧστερα
775 2496 824 2540 οὗ
852 2501 1054 2542 συνιέναι.
1092 2497 1202 2553 μετὰ
1229 2499 1275 2541 δὲ
1300 2502 1438 2541 ταῦτα
1459 2498 1637 2553 δεύτερα

269 2566 557 2617 καταστάντες
584 2563 688 2608 ἄλλο
713 2566 789 2620 μὲν
816 2564 940 2609 εἷπον
967 2564 1103 2617 οὐδέν,
1137 2566 1329 2609 θύλακον
1362 2566 1407 2609 δὲ
1433 2569 1636 2623 φέροντες

269 2633 437 2690 ἔφασαν
467 2632 540 2677 τὸν
572 2634 764 2677 θύλακον
791 2632 985 2691 ἀλφίτων
1013 2635 1209 2677 δέεσθαι.
1271 2634 1315 2677 οἷ
1346 2635 1392 2677 δέ
1423 2649 1504 2690 σφι
1529 2630 1635 2676 ὕπε-

268 2705 462 2757 κρίναντο
489 2706 549 2758 τῷ
576 2702 756 2758 θυλάκῳ
783 2702 1124 2759 περιεργάσθαι·
1149 2705 1339 2757 βωθέειν
1366 2700 1404 2745 δ’
1430 2696 1487 2743 ὦν
1514 2700 1633 2752 ἔδοξε

271 2766 453 2812 αὑτοῖσι.
521 2771 591 2812 καὶ
635 2768 802 2813 ἔπειτεν
846 2770 1284 2829 παρασκευασάμενοι
1328 2768 1632 2826 ἐστρατεύοντο
