1794 3282
228 699 262 724 59

231 1642 264 1667 60

231 2787 265 2812 61

285 275 369 317 202
689 280 1002 316 ΗΡΟΔΟΤΟΥ
1032 281 1070 315 Γ.
1095 281 1240 316 58-61.

286 353 387 395 δέκα
411 350 600 393 τάλαντά
627 366 708 406 σφι
728 353 908 405 χρῆσαι·
942 347 989 391 οὗ
1017 349 1269 405 φασκόντων
1296 350 1342 392 δὲ
1363 350 1536 407 χρήσειν
1561 353 1644 392 τῶν

285 421 477 474 Σιφνίων
492 415 677 468 αὐτοῖσι,
707 416 748 458 οἱ
767 416 928 470 Σάμιοι
946 415 1047 467 τοὺς
1063 417 1229 473 χώρους
1250 415 1391 461 αὐτῶν
1412 417 1643 473 ἐπόρθεον.

286 485 536 538 πυθόμενοι
562 482 601 526 δ’
626 482 729 534 ἰθὺς
753 477 852 540 ἧκον
879 483 921 525 οἱ
944 487 1121 540 Σίφνιοι
1145 488 1407 538 βωθέοντες,
1440 487 1512 527 καὶ
1538 501 1646 538 συμα

284 551 490 606 βαλόντες
515 549 688 594 αὐτοῖσι
707 550 981 607 ἑσσώθησαν,
1008 552 1081 593 καὶ
1101 548 1242 594 αὐτῶν
1262 554 1419 595 πολλοὶ
1440 551 1645 608 ἀπεκληί-

287 623 459 675 σθησαν
489 622 565 662 τοῦ
597 616 750 669 ἄστεος
780 616 867 661 ὑπὸ
899 622 986 661 τῶν
1016 622 1212 672 Σαμίων
1250 621 1320 662 καὶ
1352 617 1506 670 αὐτοὺς
1536 617 1645 673 μετὰ

286 690 424 729 ταῦτα
443 684 592 729 ἑκατὸν
611 686 799 729 τάλαντα
819 685 1019 742 ἔπρηξαν.
1058 684 1179 742 παρὰ
1200 687 1245 729 δὲ
1254 684 1505 742 Ἑρμιονέων
1520 690 1645 742 νῆσον

287 752 383 797 ἀντὶ
404 754 634 809 χρημάτων
659 755 919 810 παρέλαβον,
943 751 1106 809 Ὑδρέην
1125 753 1199 810 τὴν
1221 753 1295 797 ἐπὶ
1314 753 1644 810 Πελοποννήσῳ,

285 824 354 864 καὶ
383 819 512 878 αὐτὴν
542 821 829 877 Τροιζηνίοισι
861 825 1238 876 παρακατέθεντο·
1271 819 1396 864 oei-zoi
1427 822 1473 864 δὲ
1496 822 1648 864 Κυδω-

285 894 376 945 νίην
401 888 476 946 τήν
502 888 544 932 ἓν
562 889 706 946 Κρήτῃ
730 888 910 941 ἔκτισαν,
939 887 1013 931 οὐκ
1034 888 1257 932 ἐπὶτοῦτο
1278 889 1509 940 πλώοντες,
1538 886 1648 931 ἀλλὰ

288 961 558 1007 Ζακυνθίους
584 956 817 1009 ἓξελέοντες
843 955 887 1000 ἐκ
911 961 986 1013 τῆς
1011 957 1156 1012 νήσου.
1196 957 1365 1010 ε’,ιιειναν
1392 954 1431 999 δ’
1449 955 1490 998 ἐν
1515 956 1646 1013 ταύτῃ

288 1026 359 1067 καὶ
385 1023 700 1081 εὐδαιμόνησαν
727 1023 792 1068 ἐπ’
811 1024 906 1067 ἔτεα
931 1028 1071 1075 πέντε,
1101 1021 1212 1067 ὥστε
1238 1022 1291 1067 τὰ
1319 1023 1389 1080 ἱρὰ
1415 1022 1468 1066 τὰ
1495 1023 1536 1066 ἐν
1561 1030 1647 1066 Κυ-

290 1093 419 1150 δωνίῃ
453 1091 577 1135 ἐόντα
607 1096 677 1135 νῦν
710 1085 832 1135 οὗτοί
868 1092 953 1135 εἰσι
991 1092 1032 1134 οἱ
1068 1092 1328 1147 ποιήσαντες
1359 1093 1430 1134 καὶ
1465 1090 1538 1134 τὸν
1574 1095 1648 1147 τῆς

289 1159 495 1214 Δικτύνης
526 1159 636 1214 νηόν.
687 1158 791 1215 ἕκτῳ
820 1160 865 1202 δὲ
892 1159 978 1202 ἔτεϊ
999 1159 1227 1215 Αἰγινῆται
1253 1157 1410 1209 αότοὺς
1436 1163 1646 1214 ναυμαχίῃ

288 1227 532 1283 νικήσαντες
561 1224 934 1284 ἠνδραποδίσαντο
966 1226 1075 1281 μετὰ
1100 1230 1290 1283 Κρητῶν,
1323 1228 1395 1268 καὶ
1425 1230 1510 1269 τῶν
1543 1230 1647 1269 νεῶν

288 1298 500 1350 καπρίους
533 1293 742 1347 ἐχουσέων
773 1293 850 1344 τὰς
882 1294 1060 1351 πρώρας
1092 1292 1417 1350 ἠκρωτηρίασαν
1454 1295 1523 1336 καὶ
1553 1292 1649 1336 ἀνέ-

287 1365 427 1404 θεσαν
466 1360 507 1411 ἐς
542 1360 591 1403 τὸ
632 1360 721 1416 ἱρὸν
758 1366 831 1417 τῆς
859 1359 1087 1416 Ἀθηναίης
1124 1360 1165 1403 ἐν
1201 1361 1367 1417 Αἰγίνῃ.
1427 1365 1565 1404 ταῦτα
1602 1362 1648 1403 δὲ

289 1427 499 1483 ἐποίησαν
532 1428 701 1484 ἔγκοτον
733 1428 897 1480 ἔχοντες
922 1431 1131 1481 Σαμίοισι
1154 1428 1403 1484 Αἰγινῆται·
1440 1429 1649 1485 πρότεροι

287 1495 366 1552 γὰρ
387 1496 549 1549 Σάμιοι
576 1493 952 1551 ἐπ’ἷίμφικράτεος
969 1495 1274 1549 βασιλεύοντος
1301 1494 1342 1537 ἐν
1361 1496 1495 1551 Σάμῳ
1519 1512 1648 1551 στρα-

287 1563 545 1616 τευσάμενοι
571 1560 636 1605 ἐπ’
652 1562 831 1618 Αἴγιναν
856 1563 1022 1618 μεγάλα
1046 1561 1155 1604 κακὰ
1181 1561 1391 1618 ἐποίησαν
1415 1562 1649 1619 Αἰγινήτας

289 1631 359 1671 καὶ
386 1629 558 1672 ἔπαθον
584 1627 853 1673 ὑπ’ἕκείνων.
914 1628 939 1686 ἡ
965 1631 1040 1684 μὲν
1073 1630 1188 1686 αἰτίη
1221 1627 1346 1686 αὕτη,
1389 1629 1572 1686 ἐμήκυνα
1604 1631 1650 1673 δὲ

289 1700 391 1754 περὶ
410 1702 588 1752 Σαμίων
612 1699 787 1752 μᾶλλον,
816 1695 884 1740 ὅτι
910 1714 991 1754 σφι
1016 1702 1114 1752 τρία
1135 1697 1225 1740 ἐστὶ
1244 1702 1426 1754 μέγιστα
1446 1695 1651 1741 ἁπάντων

285 1764 488 1821 Ἑλλήνων
520 1764 822 1822 ἐξεργασμένα,
859 1762 1008 1820 οῧρεός
1039 1782 1084 1808 τε
1110 1763 1282 1822 ὑψηλοῦ
1315 1765 1357 1816 ἒς
1388 1765 1650 1822 πεντήκοντα

289 1835 361 1876 καὶ
387 1831 535 1875 ἑκατὸν
562 1830 756 1888 ὀργυιάς,
789 1834 944 1876 τούτου
974 1830 1140 1889 ὄρυγμα
1171 1835 1370 1875 κάτωθεν
1398 1831 1646 1889 ἀρξάμενον,

291 1899 580 1957 ἀμφίστομον.
641 1899 689 1942 τὸ
716 1901 791 1954 μὲν
815 1905 948 1957 μῆκος
972 1905 1048 1943 τοῦ
1077 1898 1316 1956 ὀρύγματος
1342 1900 1453 1943 ἑπτὰ
1479 1901 1651 1944 στάδιοί

291 1969 394 2019 εἶσι,
433 1967 482 2010 τὸ
517 1968 562 2009 δὲ
594 1964 709 2022 ὕψος
740 1969 811 2009 καὶ
846 1961 966 2023 εὖρος
998 1965 1108 2010 ὀκτώ
1142 1967 1340 2025 ἑκάτερον
1366 1968 1513 2018 πόδες.
1577 1967 1650 2010 διὰ

290 2033 454 2084 παντὸς
485 2035 531 2076 δὲ
564 2032 695 2076 αὗτοῦ
728 2032 832 2076 ἄλλο
871 2032 1037 2090 ὄρυγμα
1074 2035 1324 2090 εἰκοσίπηχυ
1355 2036 1502 2089 βάθος
1538 2032 1650 2091 ὀρώ-

291 2118 452 2158 ρυκται,
479 2105 661 2156 τρίπουν
687 2102 733 2143 δὲ
756 2100 804 2144 τὸ
833 2094 965 2158 εὖρος,
995 2099 1048 2144 δι’
1066 2095 1115 2144 οὗ
1141 2101 1190 2144 τὸ
1212 2099 1327 2157 ὕδωρ
1349 2099 1650 2156 ὀχετευόμενον

292 2168 364 2211 διὰ
397 2168 596 2224 σωλήνων
633 2184 918 2224 παραγινεται
955 2167 996 2218 ἐς
1032 2168 1106 2223 τὴν
1143 2170 1273 2212 πόλιν
1311 2167 1518 2224 ἀγόμενον
1557 2167 1647 2213 ἀπὸ

289 2236 475 2292 μεγάλης
495 2240 645 2291 πηγῆς.
683 2233 939 2290 ἀρχιτέκτων
961 2236 1006 2278 δὲ
1025 2241 1101 2278 τοῦ
1124 2234 1364 2293 ὀρύγματος
1382 2237 1537 2279 τούτου
1562 2236 1652 2293 ἐγέ-

289 2320 383 2346 νετο
408 2302 628 2359 Μεγαρεὺς
653 2301 900 2353 Εὐπαλῖνος
919 2304 1227 2360 Ναυστρόφου.
1276 2308 1403 2346 τοῦτο
1428 2304 1504 2357 μὲν
1532 2303 1582 2361 δὴ
1610 2305 1651 2346 ἓν

289 2375 373 2413 τῶν
404 2374 533 2427 τριῶν
566 2369 674 2421 ἔστί,
714 2370 911 2426 δεύτερον
944 2371 989 2413 δὲ
1021 2373 1123 2427 περὶ
1153 2373 1303 2425 λιμένα
1332 2375 1460 2425 χῶμα
1492 2371 1532 2414 ἐν
1564 2375 1652 2414 θα-

289 2438 440 2495 λάσσῃ,
467 2438 613 2492 βάθος
643 2439 713 2480 καὶ
739 2438 875 2481 εἴκοσι
901 2435 1125 2494 ὀργυιέων·
1157 2443 1291 2495 μῆκος
1323 2439 1369 2481 δὲ
1403 2442 1478 2481 τοῦ
1502 2439 1651 2492 χώμα-

288 2522 362 2556 τος
391 2505 518 2560 μέζον
551 2506 626 2548 δύο
660 2506 860 2548 σταδίων.
920 2511 1063 2561 τρίτον
1090 2507 1137 2549 δέ
1162 2522 1244 2563 σφι
1274 2505 1525 2562 ἐξέργασται
1550 2505 1651 2562 νηὸς

288 2572 489 2629 μέγιστος
514 2573 688 2616 πάντων
713 2576 822 2629 νηῶν
846 2577 931 2616 τῶν
958 2571 1080 2628 ἡμεῖς
1105 2574 1245 2627 >ι’δμεν·
1282 2578 1359 2617 τοῦ
1392 2571 1649 2627 ἀρχιτέκτων

289 2645 464 2696 πρῶτος
491 2639 651 2695 ἐγένετο
673 2638 828 2691 Ῥοῖκος
857 2642 993 2683 Φίλεω
1022 2640 1266 2697 ἐπιχώριος.
1305 2642 1469 2684 τούτων
1494 2641 1647 2684 εἵνεκεν

289 2708 452 2761 μᾶλλόν
476 2725 518 2750 τι
544 2709 646 2763 περὶ
670 2711 845 2761 Σαμίων
872 2707 1069 2763 ἐμήκυνα.

372 2775 584 2832 Καμβύσῃ
614 2775 658 2818 δὲ
682 2779 743 2831 τῷ
769 2775 911 2831 Κύρου
935 2776 1171 2832 χρονίζοντι
1197 2778 1299 2831 περὶ
1322 2777 1544 2832 Αἴγυπτον
1576 2776 1649 2817 καὶ
