1794 3282
203 1026 236 1050 18

205 1836 236 1860 19

206 2239 239 2264 20

258 261 342 303 252
667 265 980 301 ΗΡΟΔΟΤΟΥ
1010 266 1051 300 Δ.
1078 267 1222 301 17—20.

260 338 349 382 άπὸ
376 338 532 380 τούτου
560 340 730 392 πρῶτοι
755 335 1025 377 Καλλιπίδαι
1049 338 1249 388 νέμονται
1274 334 1414 386 ἐόντες
1429 332 1625 391 Ἕλληνες

258 406 447 456 Σκύθαι,
480 401 590 459 ὑπὲρ
623 403 669 444 δὲ
693 403 856 444 τούτων
883 399 987 444 ἄλλο
1021 401 1151 451 ἐ’θνος
1183 405 1225 444 οἳ
1244 400 1470 455 Ἀλαζῶνες
1499 404 1624 444 καλέ-

261 489 394 514 ονται.
457 464 577 513 οὗτοι
612 470 658 512 δὲ
693 471 765 511 καὶ
802 469 843 512 οἱ
872 469 1143 512 Καλλιπίδαι
1178 468 1232 511 τὰ
1261 470 1337 522 μὲν
1369 467 1478 512 ἄλλα
1513 467 1623 512 κατὰ

258 536 395 582 ταύτὰ
420 538 621 594 Σκύθῃσι
648 536 928 587 ἐπασκέουσι,
970 545 1090 579 σῖτον
1122 536 1168 578 δὲ
1198 538 1270 578 καὶ
1296 540 1527 593 σπείρουσι
1551 538 1624 578 καὶ

260 609 490 657 σιτέονται,
518 606 589 646 καὶ
614 604 813 660 κρόμμυα
838 605 910 646 καὶ
936 604 1124 659 σκόροδα
1149 604 1218 645 καὶ
1246 601 1411 659 φακοὺς
1435 605 1506 645 καὶ
1530 606 1624 658 κέγ-

255 689 397 729 χρους.
447 670 557 728 ὑπὲρ
585 672 631 713 δὲ
651 669 895 722 Ἀλαζώνων
922 671 1110 713 οἰκέουσι
1135 671 1310 713 Σκύθαι
1335 668 1551 726 ἀροτῆρες,
1581 672 1625 712 οἳ

260 738 335 782 οὐκ
361 739 437 782 ἐπὶ
465 740 612 796 σιτήσι
638 742 869 795 σπείρουσι
894 737 968 781 τὸν
995 746 1114 781 σῖτον
1141 735 1316 780 ἄλλ’ἒπὶ
1335 737 1484 793 πρήσι.
1522 736 1625 779 τού-

257 824 342 850 των
369 808 415 849 δὲ
440 807 693 863 κατύπερθε
720 805 910 848 οἰκέουσι
934 810 1107 863 Νευροί.
1162 808 1340 860 Νευρῶν
1366 804 1413 846 δὲ
1436 802 1486 847 τὸ
1512 802 1626 860 πρὸς

258 878 411 931 βορέην
427 872 581 928 ἄνεμον
597 873 751 930 ἕρημος
772 871 1035 930 ἀνθρώπων,
1059 870 1160 916 ὅσον
1179 870 1302 927 ἡμεῖς
1319 871 1455 925 ἰ’δμεν.
1487 875 1626 914 ταῦτα

258 943 333 996 μὲν
360 941 480 996 παρὰ
504 940 578 984 τὸν
593 938 768 984 ῃΥπανιν
794 942 994 995 ποταμόν
1023 940 1114 984 ἔστι
1140 940 1270 982 ἔθνεα
1296 937 1408 995 πρὸς
1440 937 1626 995 ἑσπέρης

259 1014 334 1053 τοῦ
367 1012 686 1065 Βορυσθένεος·
725 1006 833 1064 ἀτὰρ
875 1008 1076 1062 διαβάντι
1111 1006 1184 1050 τὸν
1215 1009 1496 1064 Βορυσθένεα
1533 1004 1624 1048 άπὸ

261 1078 491 1133 θαλάσσης
510 1080 684 1133 πρῶτον
703 1076 779 1129 μὲν
799 1074 824 1131 ἡ
841 1074 991 1132 Ὑλαίη,
1021 1074 1111 1118 άπὸ
1135 1076 1180 1117 δὲ
1200 1075 1358 1129 ταύτης
1377 1072 1463 1116 ἄνω
1492 1073 1626 1116 ἰόντι

262 1146 451 1189 οἰκέουσι
492 1144 665 1187 Σκύθαι
707 1147 907 1198 γεωργοί,
957 1141 1059 1193 τοὺς
1092 1139 1286 1198 Ἕλληνες
1330 1142 1371 1183 οἱ
1416 1141 1626 1191 οἰκέοντες

261 1212 335 1256 ἐπὶ
365 1216 425 1268 τῴ
453 1209 600 1255 Ὑπάνι
631 1214 817 1265 ποταμῷ
848 1212 1052 1253 καλέουσι
1081 1211 1446 1266 Βορυσθενεΐτας,
1487 1207 1627 1264 σφέας

263 1282 308 1324 δὲ
340 1278 497 1330 αὐτοὺς
522 1277 858 1333 Ὀλβιοπολίτας.
928 1271 1049 1320 οὗτοι
1081 1272 1138 1320 ῶν
1170 1277 1212 1319 οἱ
1241 1278 1420 1333 γεωργοὶ
1453 1276 1627 1318 Σκύθαι

261 1347 461 1402 νέμονται
479 1345 529 1389 τὸ
548 1347 624 1399 μὲν
645 1343 757 1400 πρὸς
775 1343 849 1399 τὴν
869 1342 932 1400 ἠῶ
954 1344 1027 1387 ἐπὶ
1046 1353 1161 1401 τρεῖς
1181 1342 1341 1400 ἡμέρας
1362 1341 1476 1395 ὁδόν,
1499 1343 1629 1398 κατή-

260 1432 403 1465 κοντες
430 1414 504 1457 ἐπὶ
530 1411 729 1466 ποταμὸν
753 1415 815 1467 τῷ
842 1409 1006 1464 οὕνομα
1027 1411 1169 1454 κέεται
1190 1411 1480 1466 Παντικάπης,
1508 1409 1557 1452 τὸ
1581 1410 1629 1452 δὲ

261 1482 372 1539 πρὸς
395 1484 550 1537 βορέην
577 1477 732 1533 ι’ίνεμον
758 1479 895 1521 πλόον
922 1477 1002 1521 άνὰ
1026 1477 1101 1522 τὸν
1125 1481 1409 1535 Βορυσθένεα
1438 1475 1629 1534 -ἧμερέων

261 1550 420 1592 ἕνδεκα.
458 1546 537 1604 ἤδη
561 1548 606 1590 δὲ
625 1547 876 1602 κατύπερθε
895 1546 1060 1589 τούτων
1075 1545 1232 1603 ἕρῆμός
1246 1545 1336 1589 ἔστι
1357 1544 1428 1588 ἐπὶ
1451 1544 1627 1588 πολλόν.

259 1615 368 1672 μετὰ
396 1617 441 1659 δὲ
465 1615 540 1672 τὴν
567 1614 722 1672 ἐρῆμον
745 1612 1024 1671 Ἀνδροφάγοι
1046 1614 1246 1665 οἰκέουσι,
1276 1613 1405 1664 ἔθνος
1428 1611 1498 1655 ἐὸν
1516 1613 1630 1655 ἰ’διον

260 1687 331 1728 καὶ
359 1682 560 1738 οὐδαμῶς
584 1682 817 1726 Σκυθικόν.
860 1681 908 1724 τὸ
938 1682 983 1724 δὲ
1007 1682 1172 1725 τούτων
1196 1681 1446 1737 κατύπερθε
1473 1679 1629 1737 ἔρημος

260 1752 340 1810 ἤδη
380 1750 583 1808 ἀληθέως
620 1752 689 1793 καὶ
729 1750 858 1800 ἔθνος
896 1747 1148 1806 ἀνθρώπων
1187 1747 1325 1801 οὐδέν,
1367 1746 1469 1791 ὅσον
1505 1746 1630 1804 ἡμεῖς

262 1822 396 1875 ἴδμεν.
457 1818 505 1861 τὸ
540 1819 586 1861 δὲ
617 1817 728 1874 πρὸς
759 1815 822 1873 ἠῶ
853 1821 938 1859 τῶν
974 1821 1173 1874 γεωργῶν
1209 1817 1374 1859 τούτων
1406 1819 1625 1866 Σκυθέων,

264 1889 462 1942 διαβάντι
487 1885 560 1929 τὸν
589 1886 863 1940 Παντικάπην
888 1885 1100 1938 ποταμόν,
1134 1884 1317 1937 νομάδες
1348 1883 1428 1940 ἤδη
1454 1884 1629 1926 Σκύθαι

262 1960 479 2009 νέμονται,
514 1952 612 1996 οιῖἷτε
636 1971 678 1995 τι
705 1956 954 2008 σπείροντες
980 1950 1102 1994 οὐδὲν
1136 1949 1232 1993 οὔτε
1264 1950 1486 2006 ἀροῦντες·
1519 1952 1625 2005 ψιλη

265 2024 310 2065 δὲ
348 2020 552 2075 δενδρέων
590 2017 612 2076 ἡ
646 2024 769 2061 πᾶσα
802 2017 906 2075 αὕτη
939 2023 995 2074 γῆ
1027 2018 1138 2074 πλὴν
1168 2023 1243 2074 τῆς
1269 2016 1445 2073 Ὑλαίης.
1508 2017 1549 2059 οἱ
1581 2018 1628 2059 δὲ

263 2090 447 2143 νομάδες
484 2082 606 2129 οὗτοι
642 2085 691 2128 τὸ
723 2084 834 2143 πρὸς
868 2085 942 2142 την
980 2084 1041 2140 ἠῶ
1078 2083 1270 2142 ἡμερέων
1305 2084 1518 2142 τεσσέρων
1554 2085 1627 2127 καὶ

265 2158 365 2199 δέκα
398 2154 498 2198 ὁδὸν
535 2158 734 2208 νεζιιονται
767 2154 908 2210 χώρην
946 2158 1278 2196 κατατείνουσαν
1317 2153 1390 2196 ἐπὶ
1427 2152 1627 2207 ποταμὸν

265 2229 434 2279 Γέρρον.
496 2226 629 2277 πέρην
663 2222 708 2263 δὲ
739 2225 815 2263 τοῦ
847 2224 1008 2276 Γέρρου
1040 2225 1178 2264 ταῦτα
1217 2220 1267 2277 δὴ
1298 2220 1352 2263 τὰ
1388 2221 1628 2274 καλεόμενα

262 2290 470 2346 βασιλήιά
497 2289 588 2332 ἔστι
612 2290 683 2331 καὶ
704 2289 878 2331 Σκύθαι
904 2288 945 2330 οἱ
971 2285 1144 2344 ἄριστοί
1168 2304 1214 2330 τε
1238 2290 1310 2330 καὶ
1334 2290 1535 2331 πλεῖστοι
1555 2290 1627 2330 καὶ

262 2359 362 2409 τοὺς
388 2356 544 2408 ἄλλους
569 2356 811 2409 νομίζοντες
829 2356 1007 2407 Σκύθας
1034 2356 1213 2406 δούλους
1239 2355 1475 2412 σφετέρους
1496 2353 1627 2398 εἶναι·

262 2426 494 2482 κατήκουσι
521 2425 566 2467 δὲ
593 2417 715 2466 οὗτοι
739 2422 788 2465 τὸ
814 2424 891 2477 μὲν
917 2422 1029 2480 πρὸς
1052 2427 1324 2479 μεσαμβρίην
1350 2422 1392 2474 ἒς
1416 2422 1490 2480 τὴν
1520 2430 1629 2466 Ταυ-

265 2494 395 2550 ρικήν,
428 2492 477 2536 τὸ
512 2493 557 2535 δὲ
588 2490 699 2547 πρὸς
730 2489 795 2546 ἠῶ
828 2490 904 2533 ἐπί
933 2508 979 2533 τε
1009 2491 1177 2547 τάφρον
1207 2489 1281 2547 τὴν
1313 2489 1363 2547 δὴ
1399 2491 1441 2533 οἱ
1471 2490 1515 2533 ἐκ
1545 2496 1630 2534 τῶν

263 2563 438 2618 τυφλῶν
463 2560 684 2616 γενόμενοι
711 2556 889 2614 ὤρυξαν,
917 2560 988 2601 καὶ
1015 2558 1088 2601 ἐπὶ
1115 2562 1190 2615 τῆς
1215 2560 1364 2615 λίμνης
1388 2562 1464 2614 τῆς
1488 2559 1633 2615 Μαιή-

264 2629 384 2680 τιδος
415 2627 465 2671 τὸ
499 2626 709 2682 ἐμπόριον
745 2625 795 2669 τὸ
833 2627 1028 2668 καλέεται
1063 2631 1277 2681 Κρημνοί·
1315 2624 1370 2668 τὰ
1408 2627 1454 2668 δὲ
1492 2624 1633 2668 αὐτῶν

265 2696 496 2752 κατήκουσι
522 2694 596 2737 ἐπὶ
628 2692 827 2748 ποταμὸν
857 2693 1024 2736 Τάναϊν.
1085 2692 1140 2735 τὰ
1168 2694 1213 2735 δὲ
1243 2693 1495 2748 κατύπερθε
1519 2692 1632 2748 πρὸς

266 2766 425 2819 βορέην
452 2761 607 2817 ἄνεμον
632 2766 717 2805 τῶν
747 2762 985 2817 βασιληίων
1010 2763 1216 2804 Σκυθέων
1250 2760 1437 2803 οἰκέουσι
1462 2760 1631 2820 Μελάγ-
