1794 3282
261 267 345 309 212
663 273 977 308 ΗΡΟΔΟΤΟΥ
1007 273 1046 306 Γ.
1076 272 1220 307 78-80.

259 346 419 400 Μάγων
447 340 622 399 οῧτερος
647 341 907 398 τρωματίζει
932 341 1132 401 τούτους·
1166 339 1188 384 ὃ
1215 342 1261 384 δὲ
1288 341 1447 398 ἕτερος,
1482 341 1627 385 ἐπείτε

261 412 303 454 οἱ
329 409 381 453 τὰ
405 410 511 461 τόξα
537 406 660 451 οὐδὲν
681 407 847 465 χρηστὰ
867 408 1040 464 ἐγίνετο,
1068 402 1118 466 ἦν
1137 407 1218 467 γὰρ
1241 407 1290 466 δὴ
1311 410 1515 464 θάλαμος
1535 409 1627 453 ἐσέ-

255 495 343 532 χων
365 477 406 528 ἐς
425 475 498 520 τὸν
519 473 748 532 ἀνδρεῶνα,
778 475 820 527 ἐς
839 480 990 519 τοῦτον
1009 476 1284 533 καταφεύγει,
1313 475 1477 521 ἐθέλων
1494 475 1626 520 αἰτοῦ

259 548 528 600 προσθεῖναι
552 542 631 595 τὰς
656 544 817 600 θύρας·
855 546 927 587 καὶ
953 544 995 587 οἱ
1027 548 1374 588 συνεσπίπτουσι
1403 550 1488 588 τῶν
1515 544 1626 588 ἑπτὰ

260 612 349 664 δύο,
378 612 565 669 Δαρεῖός
589 629 634 654 τε
653 614 722 654 καὶ
744 612 962 669 Γωβρύης.
1002 613 1326 667 συμπλακέντος
1347 613 1393 655 δὲ
1411 613 1624 668 Γωβρύεω

258 684 319 736 τῷ
338 679 475 735 Μάγῳ
499 677 520 722 ὃ
542 687 727 736 Δαρεῖος
753 678 970 731 ἐπεστεὼς
995 678 1156 736 ἠπόρεε
1178 679 1250 723 οἶα
1271 679 1311 723 ἐν
1333 680 1488 732 σκότεϊ,
1517 696 1627 735 προ-

258 747 534 804 μηθεόμενος
557 747 615 804 μὴ
643 748 782 804 πλήξῃ
810 746 882 790 τὸν
902 748 1121 804 Γωβρύην.
1172 745 1307 805 ὁρέων
1334 748 1381 790 δέ
1398 765 1471 802 μιν
1498 744 1627 803 ἀργὸν

261 815 511 858 ἐπεστεῶτα
542 813 565 859 ὁ
600 816 805 872 Γωβρύης
838 816 976 872 εἴρετο
1011 812 1036 858 δ’
1066 833 1109 859 τι
1141 814 1189 858 οὗ
1220 820 1376 871 χρᾶται
1409 819 1459 872 τῇ
1494 819 1627 871 χειρί·

261 881 284 926 ὁ
312 883 358 925 δὲ
384 881 480 926 εἷπε
501 881 899 940 ε(προμηθεόμενος
926 886 1012 935 σέο,
1040 882 1097 940 μὴ
1125 881 1314 940 πλήξωῖ)
1354 884 1561 940 Γωβρύης
1583 884 1629 925 δὲ

261 949 464 1005 ἀμείβετο
491 949 641 994 ((ιῖἰθεε
672 951 721 994 τὸ
749 953 876 1008 ξίφος
907 953 978 994 καὶ
1005 948 1057 994 δι’
1082 948 1379 1008 ἀμφοτέρων.Π
1443 957 1628 1007 Δαρεῖος

262 1020 308 1061 δὲ
333 1019 602 1074 πειθόμενος
635 1013 722 1062 ὦσέ·
751 1036 797 1062 τε
822 1018 872 1062 τὸ
906 1019 1158 1076 ἐγχειρίδιον
1189 1021 1261 1062 καὶ
1292 1019 1412 1072 ἔτυχέ
1441 1036 1525 1070 κως
1549 1022 1628 1061 τοῦ

200 1103 232 1128 79
261 1088 428 1143 Μάγου.
480 1084 809 1137 ἀποκτείναντες
836 1088 881 1129 δὲ
906 1086 1006 1138 τοὺς
1026 1087 1203 1142 Μάγους
1227 1088 1299 1128 καὶ
1325 1084 1628 1140 ἀποταμόντες

262 1152 403 1198 αὐτῶν
434 1153 511 1206 τὰς
541 1155 750 1212 κεφαλάς,
784 1153 886 1205 τοὺς
910 1155 986 1208 μὲν
1012 1158 1261 1209 τρωματίας
1293 1153 1464 1197 ἑωυτῶν
1496 1151 1627 1196 αὐτοῦ

260 1224 463 1265 λείπουσι
494 1224 566 1265 καὶ
599 1220 832 1278 ἀδυνασίης
870 1222 1024 1264 εἵνεκεν
1061 1224 1133 1264 καὶ
1170 1224 1363 1279 φυλακῆς
1394 1226 1468 1278 τῆς
1500 1219 1627 1276 ἀκρο-

260 1291 434 1341 πόλιος,
470 1289 511 1332 οἱ
543 1290 589 1332 δὲ
620 1293 748 1332 πέντε
782 1287 922 1332 αὐτῶν
955 1289 1120 1342 ἔχοντες
1151 1294 1236 1332 τῶν
1261 1291 1422 1350 τἾΙςὲγιυν
1452 1288 1530 1340 τὰς
1561 1306 1628 1331 κε-

261 1356 405 1414 φαλὰς
419 1357 547 1400 ἔθεον
562 1356 640 1409 ἔξω
655 1361 737 1414 βοῇ
758 1374 803 1399 τε
824 1359 895 1400 καὶ
910 1357 1092 1413 πατάγῳ
1112 1358 1350 1413 χρεόμενοι,
1373 1359 1441 1399 καὶ
1458 1361 1629 1414 Πέρσας

259 1425 361 1476 τοὺς
393 1423 549 1475 ἄλλους
581 1424 863 1467 ἐπεκαλέοντο
897 1424 1168 1480 ἐξηγεόμενοί
1197 1440 1241 1466 τε
1272 1424 1321 1467 τὸ
1355 1429 1532 1481 πρῆγμα
1557 1427 1629 1466 καὶ

261 1493 523 1543 δεικνύοντες
553 1490 632 1543 τὰς
663 1492 875 1549 κεφαλάς·
913 1494 985 1534 καὶ
1023 1489 1113 1547 ἅμα
1146 1491 1327 1535 ἔκτεινον
1360 1492 1504 1535 πάντα
1534 1491 1629 1535 τινὰ

258 1564 343 1603 τῶν
356 1560 517 1616 Μάγων
535 1558 610 1603 τὸν
631 1558 672 1602 ἐν
693 1561 800 1602 ποσὶ
820 1560 1055 1615 γινόμενον.
1098 1560 1139 1602 οἳ
1160 1560 1205 1603 δὲ
1224 1564 1389 1616 Πέρσαι
1408 1560 1629 1614 μαθόντες

259 1628 308 1671 τό
341 1644 386 1670 τε
416 1626 589 1684 γεγονὸς
623 1626 667 1670 ἐκ
696 1631 781 1670 τῶν
813 1626 926 1670 ἑπτὰ
950 1630 1022 1670 καὶ
1047 1632 1132 1671 τῶν
1156 1628 1318 1684 Μάγων
1343 1626 1417 1685 τὴν
1444 1626 1627 1684 ἀπάτην,

260 1695 476 1738 ἐδικαίουν
508 1697 580 1738 καὶ
613 1693 738 1738 αι’-τοὶ
771 1695 895 1752 ἕτερα
919 1700 1102 1738 τοιαῦτα
1133 1695 1317 1748 ποιέειν,
1345 1695 1630 1750 Ασπασάμενοι

261 1764 307 1806 δὲ
331 1762 385 1806 τὰ
412 1763 644 1820 ἐγχειρίδια
670 1764 852 1806 ἔκτεινον
880 1760 979 1806 ὅκου
1000 1763 1096 1806 τινὰ
1115 1764 1263 1820 Μάγον
1284 1761 1498 1820 εὕρισκον·
1525 1763 1563 1806 εἰ
1583 1763 1630 1806 δὲ

259 1830 316 1888 μὴ
343 1831 417 1884 νὺξ
441 1831 693 1875 ἐπελθοῦσα
721 1831 826 1884 ἔσχε,
857 1831 1006 1874 ἔλιπον
1026 1829 1076 1875 ἂν
1099 1829 1250 1874 οὗδένα
1270 1832 1431 1887 Μάγον.
1469 1832 1628 1888 ταύτην

260 1899 334 1955 τὴν
359 1897 516 1955 ἡμέρην
542 1900 845 1956 θεραπεύουσι
866 1903 1032 1955 Πέρσαι
1057 1904 1175 1957 κοινῇ
1201 1901 1392 1954 μάλιστα
1417 1904 1502 1942 τῶν
1526 1897 1630 1956 ἡμε-

261 1966 388 2021 ρέων,
422 1969 493 2009 καὶ
526 1967 567 2010 ἐν
600 1965 707 2024 αύτῇ
740 1965 867 2024 ὁρτὴν
898 1968 1086 2024 μεγάλην
1113 1966 1340 2023 ἀνάγουσι,
1376 1967 1397 2023 ἢ
1432 1969 1630 2022 κέκληται

262 2033 351 2077 ὑπὸ
389 2033 590 2091 Περσέων
626 2035 894 2091 μαγοφόνια·
946 2034 987 2077 ἐν
1024 2039 1075 2092 τῇ
1112 2035 1261 2090 Μάγον
1300 2032 1452 2076 οὐδένα
1491 2034 1630 2086 ἔξεστι

262 2105 450 2159 φανῆναι
481 2101 524 2152 ἐς
548 2100 596 2144 τὸ
625 2106 737 2158 φῶς,
773 2099 882 2144 ἀλλὰ
913 2101 1001 2144 κατ’
1029 2103 1172 2152 οἴκους
1199 2100 1386 2152 ἑωυτοὺς
1418 2101 1459 2144 οἱ
1482 2102 1629 2157 Μάγοι

262 2170 407 2223 ἔχουσι
426 2168 499 2225 τὴν
527 2167 682 2226 ἡμέρην
708 2169 878 2225 ταύτην.

204 2253 237 2278 80
342 2235 510 2280 Ἐπείτε
543 2238 588 2279 δὲ
621 2241 801 2293 κατέστη
836 2235 857 2280 ὁ
892 2237 1087 2292 θόρυβος
1118 2239 1190 2280 καὶ
1224 2235 1342 2288 ἐκτὸς
1374 2240 1501 2280 πέντε
1527 2236 1628 2294 ἡμε-

261 2310 368 2361 ρέων
389 2305 565 2361 ἐγένετο,
596 2304 871 2359 ἐβουλεύοντο
894 2305 935 2347 οἱ
955 2304 1274 2355 ἐπαναστάντες
1300 2313 1417 2348 τοῖσι
1436 2305 1629 2361 Μάγοισι

262 2376 362 2430 περὶ
390 2378 474 2416 τῶν
500 2373 765 2429 πρηγμάτων
792 2373 978 2425 πάντων,
1011 2377 1083 2415 καὶ
1110 2371 1349 2428 ἐλέχθησαν
1375 2372 1498 2429 λόγοι
1524 2370 1630 2416 ἀπι-

263 2459 358 2485 στοι
382 2443 459 2496 μὲν
486 2440 640 2484 ἐνίοισι
661 2439 881 2498 Ἑλλήνων,
912 2439 1151 2498 ἐλέχθησαν
1178 2439 1217 2483 δ’
1236 2435 1305 2484 ὦν.
1364 2439 1530 2496 Ὀτάνης
1553 2442 1630 2495 μὲν

264 2510 426 2553 ἐκέλευε
447 2509 489 2560 ἐς
506 2508 638 2564 μέσον
653 2508 846 2565 Πέρσῃσι
865 2514 1126 2552 καταθεῖναι
1146 2508 1200 2552 τὰ
1222 2509 1470 2565 πρήγματα,
1497 2510 1629 2565 λέγων

260 2578 378 2621 τάδε.
411 2575 543 2631 “ἐμοὶ
568 2578 705 2620 δοκέει
732 2576 803 2619 ἕνα
828 2577 904 2631 μὲν
926 2574 1066 2634 ἥλιιέων
1085 2577 1326 2632 μούναρχον
1346 2576 1496 2633 μηκέτι
1515 2575 1630 2632 γενέ-

263 2650 394 2689 σθαι·
436 2642 535 2688 οὔτε
566 2645 646 2701 γὰρ
679 2642 758 2701 ἡδὺ
792 2642 891 2688 οὔτε
923 2643 1106 2701 ἀγαθόν.
1168 2646 1304 2688 εἴδετε
1334 2645 1410 2699 μὲν
1440 2644 1520 2700 γὰρ
1551 2643 1628 2700 τὴν

262 2713 505 2768 Καμβύσεω
535 2710 655 2767 ἱῖβριν
682 2710 748 2756 ἐπ’
766 2709 868 2756 ὅσον
896 2713 1063 2770 ἐξῆλθε,
1090 2714 1377 2770 μετεσχήκατε
1400 2713 1446 2755 δὲ
1465 2714 1534 2754 καὶ
1553 2716 1629 2768 τῆς

261 2785 338 2823 τοῦ
364 2781 515 2838 Μάγου
551 2778 709 2838 ὕβριος.
759 2785 844 2833 κῶς
877 2779 915 2824 δ’
940 2779 990 2825 ἂν
1017 2782 1079 2838 εἴη
1104 2787 1246 2839 χρῆμα
1272 2783 1626 2837 κατηρτισμένον
