1794 3282
518 258 831 294 ΗΡΟΔΟΤΟΥ
861 259 903 293 Δ.
930 257 1120 293 138-141.
1419 246 1504 288 295

140 329 214 374 ἄπ’
243 328 400 385 Ἰωνίης
434 329 714 383 δὲΣτράττις
742 344 789 370 τε
813 333 923 378 Χῖος
953 328 1025 369 καὶ
1048 326 1213 383 Αἰάκης
1237 325 1404 379 Σάμιος
1433 327 1506 368 καὶ

138 398 381 451 Λαοδάμας
404 395 623 447 Φωκαιεὺς
642 394 923 446 καὶεῖστιαῖος
942 396 1168 452 Μιλήσιος,
1195 398 1270 437 τοῦ
1290 387 1340 451 ἦν
1358 393 1503 450 γνώμη

137 464 162 522 ἡ
188 467 446 523 προκειμένη
475 463 639 519 ἐναντίη
665 467 716 520 τῇ
742 464 1005 506 Μιλτιάδεω.
1064 463 1260 507 Αἰολέων
1286 462 1333 504 δὲ
1363 465 1505 518 παρῆν

137 533 318 589 λόγιμος
341 536 500 587 μοῦνος
521 530 825 588 Ἀρισταγόρης
849 538 1057 584 Κυμαῖος.
1120 524 1241 573 οὑτοι
1274 523 1331 572 ὦν
1358 529 1503 572 ἐπείτε

136 600 213 657 τὴν
228 599 429 644 Ἱστιαίου
452 600 646 656 αἱρέοντο
666 599 847 655 γνώμην,
877 599 997 650 ἔδοξέ
1017 614 1098 654 σφι
1118 597 1228 654 πρὸς
1247 599 1379 655 ταύτῃ
1398 598 1503 641 τάδε

139 668 241 725 ἔργα
265 684 311 711 τε
336 670 408 710 καὶ
434 667 542 710 ἔπεα
567 670 855 721 προσθεῖναι,
890 670 964 722 τῆς
988 666 1065 720 μὲν
1089 667 1280 723 γεφύρης
1310 667 1426 709 λύειν
1451 665 1505 708 τὰ

138 734 248 779 κατὰ
272 733 373 786 τοὺς
397 735 574 785 Σκύθας
601 733 743 785 ἐόντα,
777 734 892 776 λύειν
925 734 971 776 δὲ
997 731 1099 776 ὅσον
1130 734 1319 788 τόξευμα
1351 733 1505 786 ἐξικνέ-

139 819 251 854 εται,
285 802 356 844 ἵνα
386 804 455 844 καὶ
483 805 648 845 ποιέειν
674 818 716 844 τι
744 801 925 843 δοκέωσι
951 805 1174 852 ποιεῦντες
1205 802 1336 857 μηδὲν
1366 803 1438 843 καὶ
1464 801 1506 844 οἱ

138 870 313 913 Σκύθαι
337 869 394 926 μὴ
422 870 643 925 πειρῴατο
668 869 876 923 βιώμενοι
899 867 988 924 [καὶ
1006 869 1281 925 βουλόμενοι]
1305 870 1506 925 διαβῆναι

137 937 213 980 τὸν
239 936 403 994 Ἴστρον
439 936 548 979 κατὰ
584 936 659 993 την
695 939 904 993 γέφυραν,
951 936 1090 979 εἰπεῖν
1126 953 1173 980 τε
1215 937 1395 988 λύοντας
1431 941 1506 992 τῆς

138 1006 327 1062 γεφύρης
357 1004 406 1047 τὸ
440 1004 482 1056 ἐς
511 1003 585 1060 τὴν
616 1003 833 1060 Σκυθικὴν
871 1003 964 1056 ἕχον
997 1001 1056 1054 ὠς
1091 1004 1236 1047 πάντα
1267 1005 1506 1061 ποιήσοι-σι

138 1072 193 1115 τὰ
225 1074 424 1129 Σκύθῃσί
455 1072 547 1115 ἐστι
579 1071 621 1114 ἐν
654 1069 795 1127 ἡδονῇ.
856 1076 994 1114 ταῦτα
1024 1072 1101 1125 μὲν
1137 1076 1419 1129 προσέθηκαν
1454 1076 1506 1129 τῇ

137 1141 306 1197 γνώμῃ·
347 1138 456 1193 μετὰ
494 1140 540 1181 δὲ
577 1138 620 1181 ἐκ
656 1139 831 1181 πάντων
867 1137 1127 1194 ὑπεκρίνατο
1160 1137 1361 1191 Ἱστιαῖος
1403 1140 1508 1182 τάδε

139 1210 285 1263 λέγων.
337 1205 520 1263 ί(ἄνδρες
551 1207 740 1257 Σκύθαι,
776 1205 943 1262 χρηστὰ
975 1203 1096 1262 ἥκετε
1127 1210 1331 1263 φέροντες
1362 1209 1433 1249 καὶ
1466 1206 1507 1258 ἐς

138 1274 288 1332 καιρὸν
320 1274 571 1330 ἐπείγεσθε·
615 1275 687 1316 καὶ
721 1274 776 1316 τά
813 1290 859 1316 τε
896 1271 976 1316 ἀπ’
998 1272 1139 1328 ὑμέων
1176 1272 1276 1331 ἡμῖν
1311 1279 1508 1331 χρηστῶς

141 1342 339 1394 ὁδοῦται,
372 1344 442 1385 καὶ
473 1341 528 1385 τὰ
559 1340 638 1384 ἀπ’
662 1339 804 1397 ἡμέων
835 1341 878 1392 ἐς
908 1339 1043 1394 ὑμέας
1075 1341 1315 1397 ἐπιτηδέως
1346 1340 1507 1398 ὑπηρε-

139 1414 296 1453 τέεται.
359 1407 417 1461 ὥς
441 1408 521 1466 γὰρ
549 1407 695 1466 ὁρᾶτε,
729 1411 801 1451 καὶ
831 1409 988 1462 λύομεν
1012 1408 1085 1452 τὸν
1111 1410 1260 1465 πόρον,
1294 1412 1366 1452 καὶ
1397 1427 1508 1466 προ-

140 1482 305 1534 θυμίην
332 1482 478 1521 πᾶσαν
506 1476 653 1530 ἕξομεν
681 1476 905 1527 ἐθέλοντες
931 1474 1040 1519 εἶναι
1067 1476 1306 1533 ἐλεύθεροι.
1345 1477 1387 1520 ἐν
1407 1472 1440 1534 ᾦ
1462 1479 1507 1521 δὲ

140 1544 264 1602 ἡμεῖς
288 1546 393 1588 τάδε
418 1546 585 1599 λύομεν,
621 1542 754 1598 ὑμέας
778 1544 928 1600 καιρός
954 1543 1047 1587 ἐστι
1074 1545 1283 1601 δίζησθαι
1309 1545 1504 1597 ἐκείνους,

142 1611 347 1671 εὑρόντας
379 1614 425 1656 δὲ
455 1610 566 1669 ὑπέρ
597 1629 642 1655 τε
672 1610 815 1668 ἡμέων
847 1614 919 1654 καὶ
949 1610 1091 1666 ὑμέων
1118 1610 1259 1655 αὐτῶν
1289 1617 1507 1656 τίσασθαι

143 1679 258 1725 οὕτω
286 1679 345 1732 ὥς
371 1679 556 1731 ἐκείνοι-ς
581 1677 782 1737 πρέπει.”

228 1749 402 1792 Σκύθαι
437 1750 513 1803 μὲν
554 1748 603 1790 τὸ
644 1748 841 1802 δεύτερον
864 1746 982 1791 Ἴωσι
1018 1748 1331 1799 πιστεύσαντες
1372 1750 1508 1804 λέγειν

143 1815 315 1873 ἀληθέα
340 1815 613 1873 ὑπέστρεφον
639 1815 713 1858 ἐπὶ
740 1816 911 1872 ζήτησιν
937 1820 1022 1858 τιῦν
1042 1820 1254 1871 Περσέων,
1282 1818 1353 1859 καὶ
1372 1815 1510 1874 ἡμάρ-

142 1902 269 1928 τανον
283 1885 428 1940 πάσης
447 1889 521 1940 τῆς
541 1883 709 1926 ἐκείνων
732 1881 942 1936 διεξόδου.
981 1884 1115 1927 α’ίτιοι
1136 1885 1182 1927 δὲ
1206 1884 1362 1927 τούτου
1385 1883 1510 1928 αὐτοὶ

145 1953 187 1996 οἱ
218 1953 393 1995 Σκύθαι
425 1951 634 2007 ἐγένοντο,
673 1950 752 2002 τὰς
789 1951 925 2006 νομὰς
960 1956 1045 1995 τῶν
1083 1952 1236 1995 ἵππων
1266 1951 1345 2003 τὰς
1375 1953 1508 2009 ταύτῃ

144 2022 485 2077 διαφθείραντες
509 2022 580 2062 καὶ
605 2019 658 2061 τὰ
686 2017 822 2061 &dam
849 2020 1156 2075 συγχώσαντες.
1206 2019 1245 2062 εἰ
1268 2019 1348 2076 γὰρ
1374 2025 1510 2063 ταῦτα

142 2089 200 2145 μὴ
234 2087 463 2144 ἐποίησαν,
503 2096 683 2144 παρεῖχε
717 2086 767 2130 ἒὶν
799 2103 897 2144 σφι,
938 2087 975 2130 εἰ
1006 2086 1254 2141 ἐβούλοντο,
1295 2085 1511 2139 εὐπετέως

144 2157 330 2212 ἐξευρεῖν
348 2154 450 2206 τοὺς
463 2158 654 2211 Πέρσας·
680 2159 752 2198 νῦν
774 2156 819 2198 δὲ
837 2156 891 2198 τά
914 2171 995 2212 σφι
1015 2154 1158 2198 ἐδόκεε
1179 2152 1337 2212 ἄριστα
1354 2160 1507 2210 βεβου-

142 2226 351 2275 λεῦσθαι,
391 2222 500 2265 κατὰ
529 2227 667 2266 ταῦτα
699 2223 962 2280 ἐσφάλησαν.
1024 2223 1196 2266 Σκύθαι
1226 2227 1302 2277 μέν
1334 2241 1405 2266 νυν
1435 2228 1511 2280 τῆς

143 2295 355 2348 σφετέρης
377 2291 520 2347 χώρης
543 2294 593 2347 τῇ
618 2291 739 2343 χιλός
762 2307 808 2334 τε
832 2299 949 2334 τοῖσι
974 2291 1159 2334 ἵπποισι
1183 2292 1255 2332 καὶ
1280 2288 1420 2334 ὕδατα
1445 2285 1506 2347 ἦν,

141 2359 275 2415 ταύτῃ
309 2358 539 2410 διεξιόντες
570 2356 760 2413 ἐδίζηντο
792 2358 892 2408 τούς
923 2356 1257 2412 ἀντιπολέμους,
1293 2359 1510 2410 δοκέοντες

143 2429 215 2470 καὶ
241 2426 426 2476 ἐκείνους
453 2423 526 2467 διὰ
550 2425 762 2467 τοιούτων
791 2425 866 2482 τὴν
893 2423 1137 2482 ἀπόδρησιν
1169 2429 1427 2485 ποιέεσθαι·
1467 2427 1510 2470 οἱ

144 2496 192 2538 δὲ
229 2493 279 2551 δὴ
311 2497 478 2548 Πέρσαι
513 2491 587 2535 τὸν
624 2493 836 2549 πρότερον
876 2492 1047 2535 ἑωυτῶν
1082 2493 1308 2549 γενόμενον
1345 2498 1506 2549 στίβον,

142 2567 297 2606 τοῦτον
335 2562 631 2619 φυλάσσοντες
666 2558 810 2617 ἤισαν,
855 2562 925 2603 καὶ
964 2558 1075 2604 οἷ”τω
1113 2562 1240 2617 μόγις
1278 2555 1399 2619 εῦρον
1434 2562 1508 2606 τὸν

144 2631 296 2687 πόρον.
359 2628 432 2672 οἶα
464 2629 510 2671 δὲ
534 2628 684 2679 νυκτός
714 2645 760 2671 τε
792 2626 1049 2683 ἀπικόμενοι
1074 2631 1145 2671 καὶ
1176 2631 1404 2686 λελυμένης
1434 2635 1509 2687 τῆς

143 2697 332 2753 γεφύρης
375 2695 634 2750 ἐντυχόντες,
680 2695 722 2747 ἐς
761 2701 910 2740 πᾶσαν
952 2694 1168 2753 ἀρρωδίην
1212 2695 1400 2741 ἀπίκατο
1449 2699 1506 2755 μή

1529 541 1578 565 139
1608 572 1611 575 ¹

1533 1761 1583 1786 140

145 2781 284 2822 σφεας
305 2761 496 2816 οἷ”Ιωνες
522 2764 626 2807 ἔωσι
652 2762 1008 2816 ἀπολελοιπότες.
1058 2758 1108 2821 ἧν
1134 2765 1180 2808 δὲ
1204 2767 1305 2821 περὶ
1325 2773 1508 2824 Δαρεῖον
1534 2781 1580 2807 m
