1794 3282
454 271 766 309 HPO'AOTOY
797 272 838 305 A.
864 271 1054 306 Ill—114.
1346 258 1432 301 285

69 344 244 389 αὐτοῖσι
270 343 370 394 ἔδοξ
370 359 389 385 ε
414 345 590 384 κτείνειν
614 341 689 395 μὲν
716 338 857 383 οὐδενὶ
881 340 1033 396 τρόπῳ
1062 338 1124 382 ἔτι
1151 336 1296 390 αὐτάς,
1326 337 1433 381 ἑωυ-

68 418 153 456 τιῦν
191 412 237 454 δὲ
271 427 374 460 τους
410 409 652 459 νεωτάτους
688 406 961 463 ἀποπέμψαι
999 407 1040 458 ἒς
1087 404 1223 458 αι’·τὰς
1258 407 1434 463 πλῆθος

67 479 325 530 εἰκάσαντας
351 475 538 533 ὅσαιπερ
566 475 723 519 ἐκεῖναι
749 470 876 532 ἦσαν·
907 475 1090 525 τούτους
1121 475 1167 517 δὲ
1193 490 1434 530 στρατοπε-

67 547 281 591 δεύεσθαι
316 547 501 602 πλησίον
545 543 736 587 ἐκεινέων
772 545 844 585 καὶ
884 546 1050 585 ποιέειν
1091 542 1232 598 τάπερ
1275 540 1326 585 ἂν
1362 543 1435 584 καὶ

67 614 227 658 ἐκεῖναι
256 612 463 657 ποιέωσι·
502 610 552 669 ἢν
585 612 631 655 δὲ
663 609 821 661 αὐτοὺς
853 611 1064 661 διώκωσι,
1103 612 1328 664 μάχεσθαι
1356 610 1433 664 μὲν

65 683 138 739 μή,
160 680 423 739 ὑποφεύγειν
445 681 510 724 δέ·
537 678 668 723 ἐπεὰν
689 679 735 722 δὲ
755 678 1025 729 παύσωνται,
1048 677 1259 728 ἐλθόντας
1279 675 1436 728 αὖτοὺς

67 752 254 806 πλησίον
280 747 727 804 στρατοπεδεύεσθαι.
769 750 907 789 ταῦτα
933 744 1243 800 ἐβουλεύσαντο
1265 745 1307 787 οἱ
1325 745 1435 788 Σκύ-

67 822 154 862 θαι
183 817 443 873 βουλόμενοι
475 815 522 868 ἐξ
551 813 715 858 αὐτέων
745 814 911 865 παῖδας
933 813 1264 869 ἐκγενήσεσθαι.
1322 811 1436 856 ἀπο-

67 884 350 942 πεμφθέντες
376 884 422 927 δὲ
443 883 485 926 οἱ
509 886 722 939 νεηνίσκοι
743 881 915 924 ἐποίευν
934 880 988 923 τὰ
1009 879 1301 934 ἐντεταλμένα.
1339 880 1436 923 ἐπεὶ

69 954 116 996 δὲ
142 953 311 1007 ἔμαθον
343 949 502 1002 αὖτοὺς
533 951 579 993 αἱ
598 949 824 1004 Ἀμαζόνες
850 946 914 992 ἐπ’
933 946 1112 1004 οὐδεμιῇ
1146 948 1298 1004 δηλήσι
1330 945 1436 990 ἀπι-

67 1025 265 1078 γμένους,
305 1020 385 1063 ἔων
412 1023 598 1076 χαίρειν·
635 1016 937 1075 προσεχώρεον
975 1017 1021 1059 δὲ
1051 1017 1347 1072 πλησιαιτέρω
1385 1014 1435 1058 τὸ

69 1088 368 1146 στρατόπεδον
392 1091 452 1143 τῷ
480 1085 766 1143 στρατοπέδῳ
794 1082 1010 1140 ἐπ’ἢμέρῃ
1038 1082 1208 1140 ἑκάστη.
1253 1081 1365 1137 εἶχον
1391 1084 1438 1126 δὲ

70 1155 192 1200 οὐδὲν
219 1153 314 1198 οὐδ’
332 1154 375 1197 οἱ
398 1158 629 1210 νεηνίσκοι,
664 1150 814 1208 ὥσπερ
841 1149 940 1194 οὐδὲ
967 1150 1013 1193 αἱ
1033 1149 1274 1205 Ἀμαζόνες,
1309 1151 1347 1193 εἰ
1377 1148 1435 1206 μὴ

67 1223 123 1267 τὰ
155 1221 272 1268 ὅπλα
302 1224 374 1265 καὶ
403 1220 506 1272 τοὺς
536 1220 724 1272 ἵππους·
763 1218 873 1262 ἀλλὰ
904 1219 1003 1275 ζόην
1035 1218 1164 1271 ἔζωον
1194 1217 1270 1274 τὴν
1307 1217 1437 1274 αὐτὴν

70 1291 272 1348 ἐκείνῃσι,
311 1290 572 1346 θηρεύοντές
602 1305 649 1332 τε
680 1289 752 1331 καὶ
783 1287 1042 1344 ληιζόμενοι.
1098 1285 1272 1330 ἐποίευν
1311 1287 1357 1329 δὲ
1389 1286 1435 1329 αἱ

65 1357 289 1414 ᾍμαζόνες
314 1357 357 1409 ἐς
380 1356 456 1414 τὴν
480 1360 749 1413 μεσαμβρίην
774 1356 964 1399 τοιόνδε·
997 1355 1183 1411 ἐγίνοντο
1217 1355 1438 1412 σποράδες

69 1425 179 1470 κατὰ
191 1430 294 1481 μίαν
312 1442 359 1469 τε
378 1427 450 1468 καὶ
470 1425 560 1477 δυό,
581 1424 736 1480 πρόσω
759 1422 808 1480 δὴ
830 1421 904 1466 ἀπ’
918 1421 1133 1479 ἀλληλέων
1154 1422 1197 1474 ἒς
1211 1421 1437 1479 εὐμαρείην

72 1493 458 1548 ἀποσκιδνάμεναι.
518 1492 739 1547 μαθόντες
779 1491 825 1534 δὲ
861 1491 934 1533 καὶ
970 1491 1013 1533 οἵ
1047 1490 1222 1534 Σκύθαι
1265 1490 1438 1534 ἐποίευν

70 1561 212 1606 τώυτὸ
237 1565 386 1605 τοῦτο·
412 1564 486 1604 καί
508 1577 574 1611 τις
598 1562 935 1615 μουνωθεισέων
960 1560 1044 1603 τινὶ
1066 1556 1228 1603 αὐτέων
1249 1558 1438 1616 ἐνεχρίμ-

71 1647 219 1682 πτετο,
246 1631 318 1673 καὶ
342 1626 367 1684 ἡ
389 1626 578 1683 Ἀμαζὼν
604 1625 680 1671 οὐκ
706 1626 941 1671 ἀπωθέετο
974 1625 1084 1670 ἀλλὰ
1115 1628 1308 1684 περιεῖδε
1337 1627 1438 1684 χρή-

71 1702 258 1742 σασθαι.
318 1698 389 1740 καὶ
428 1700 630 1753 φωνῆσαι
665 1697 742 1751 μὲν
775 1694 849 1739 οὐκ
886 1693 970 1750 εἶχε
1008 1694 1080 1750 (οὗ
1118 1695 1199 1752 γὰρ
1238 1699 1436 1739 συνίεσαν

71 1764 302 1822 ἀλλήλων),
335 1769 386 1822 τῇ
413 1765 459 1807 δὲ
480 1766 594 1821 χειρὶ
618 1763 778 1821 ἔφραζε
804 1763 846 1815 ές
870 1762 947 1819 τὴν
971 1761 1198 1820 ὗστεραίην
1225 1763 1370 1806 ἐλθεῖν
1397 1763 1439 1814 ἒς

71 1832 212 1878 τώυτὸ
234 1836 394 1890 χωρίον
413 1833 485 1875 καὶ
507 1831 649 1888 ε’τερον
670 1830 799 1888 α’γειν,
829 1835 1100 1888 σημαίνουσα
1119 1832 1196 1874 δύο
1216 1835 1435 1887 γενέσθαι,

71 1904 144 1945 καὶ
170 1899 276 1958 αὕτη
303 1899 447 1957 ἑτέρην
473 1899 601 1952 ἄξειν.
646 1918 667 1943 ο
691 1900 737 1943 δὲ
755 1904 970 1956 νεηνίσκος
991 1898 1088 1942 επεὶ
1107 1897 1296 1955 ἀπῆλθε,
1325 1899 1368 1941 έλ
1373 1901 1438 1951 εξε

71 1974 209 2013 ταῦτα
239 1967 352 2026 πρὸς
381 1984 483 2018 τους
514 1968 717 2019 λοιπους·
754 1972 805 2025 τῇ
844 1961 1279 2024 δὲῦστεραίῃῆλθε
1317 1966 1360 2017 ἐς
1389 1966 1437 2009 τὸ

69 2041 228 2095 χωρίον
254 2034 384 2087 αὐτός
408 2052 454 2079 τε
480 2037 606 2086 οἶτος
637 2037 709 2078 καὶ
741 2034 884 2090 ε’τερον
909 2036 1002 2091 ἠγε,
1035 2036 1107 2077 καὶ
1135 2033 1210 2091 τὴν
1231 2032 1440 2089 Λμαζόνα

72 2107 169 2162 εὗρε
195 2105 394 2161 δευτέρην
420 2101 549 2160 αυτὴν
575 2122 612 2146 υ
606 2102 891 2157 τοιιένουσαν.
931 2103 973 2146 οἱ
993 2102 1040 2146 δὲ
1057 2103 1209 2146 λοιποὶ
1227 2106 1439 2158 νεηνίσκοι

72 2170 133 2224 ὥς
159 2171 379 2215 επόθοντο
411 2175 565 2223 ταῦτα,
598 2173 670 2214 καὶ
702 2169 827 2215 αυτοὶ
859 2171 1146 2214 ἐκτιλώσαντο
1178 2168 1256 2221 τὰς
1281 2169 1440 2220 λοιπας

71 2244 156 2283 τῶν
189 2238 442 2293 Ἀμαζόνων.
502 2238 611 2293 μετὰ
650 2240 696 2282 δὲ
739 2241 1026 2294 συμμίξαντες
1068 2237 1122 2281 τὰ
1160 2237 1438 2292 στρατόπεδα

73 2308 212 2351 οἴκεον
238 2304 361 2360 ὁμοῦ,
388 2315 567 2362 γυναῖκα
594 2306 698 2360 ἔχων
725 2306 904 2358 ἕκαστος
929 2307 1087 2362 ταύτην
1112 2310 1164 2362 τῇ
1191 2304 1239 2348 τὸ
1262 2309 1438 2361 πρῶτον

73 2377 327 2430 συνεμίχθη.
365 2373 439 2430 τὴν
465 2375 511 2417 δὲ
531 2373 677 2430 φωνὴν
696 2373 770 2430 τὴν
789 2374 865 2428 μὲν
890 2378 975 2417 τιῦν
994 2377 1204 2429 γυναικῶν
1226 2372 1268 2415 οἱ
1288 2371 1438 2428 ἄνδρες

73 2460 151 2487 ουκ
176 2441 376 2485 εδυνέατο
401 2445 576 2495 μαθεῖν,
603 2459 677 2497 την
705 2442 750 2484 δε
768 2445 854 2484 τιῦν
874 2440 1040 2497 ανδριῦν
1062 2440 1107 2482 αἵ
1124 2449 1320 2496 μναῖκες
1340 2456 1438 2486 συι-

74 2512 243 2565 έλαβον.
281 2509 379 2552 επεὶ
405 2510 450 2552 δὲ
476 2513 657 2565 συνῆκαν
683 2506 888 2565 αλληλων,
918 2508 1062 2560 ἔλεξαν
1088 2507 1200 2563 πρὸς
1218 2507 1296 2559 τὰς
1311 2505 1438 2562 Αμα-

74 2578 200 2631 ζόνας
224 2577 329 2621 τάδε
355 2576 397 2620 οἱ
423 2574 585 2632 ἄνδρες.
620 2574 751 2632 “fulv
777 2576 863 2619 εισὶ
887 2577 962 2630 μὲν
987 2579 1141 2627 τοκέες,
1170 2576 1253 2619 εισὶ
1276 2576 1321 2618 δε
1339 2575 1437 2632 κτή-

75 2661 178 2696 σιες.
226 2648 297 2688 νῦν
323 2638 382 2687 ὦν
405 2643 556 2700 μηκέτι
583 2645 744 2687 πλεῦνα
766 2644 918 2701 χρόνον
946 2644 1043 2700 ζόην
1068 2644 1274 2700 τοιι]νδε’
1262 2643 1433 2698 έχωμεν,

74 2711 164 2756 ἀλλ’
183 2710 454 2763 ἀπελθόντες
480 2711 522 2763 ἒς
546 2711 595 2755 τὸ
622 2714 796 2768 πλῆθος
822 2712 1133 2766 διαιτέωμεθα.
1170 2720 1371 2767 γυναῖκας
1392 2712 1438 2754 δὲ

74 2780 224 2836 ἕξομεν
238 2778 372 2836 ὗμέας
385 2781 454 2824 καὶ
472 2777 666 2835 οὗδαμὰς
680 2777 851 2831 dimas?
881 2779 926 2823 αἱ
948 2780 994 2822 δὲ
1012 2778 1124 2832 πρὸς
1142 2783 1278 2823 ταῐτα
1293 2779 1437 2832 ε’λεξαν

1459 824 1509 851 112

1461 1298 1508 1324 113

1464 2250 1512 2275 114
