1794 3282
481 257 796 293 ΗΡΟΔΟΤΟΥ
826 259 865 292 Γ.
892 258 1082 293 106-109.
1379 249 1462 290 223

101 325 190 370 ὑπὸ
216 329 438 379 ποταμιῦν,
466 323 488 367 0‘
518 326 563 368 δὲ
590 323 738 383 ὥσπερ
766 326 955 383 ἐσήμηνα
981 324 1292 384 ἁρπαζόμενος.
1335 325 1390 369 τὰ
1417 326 1462 369 δὲ

103 392 279 449 δένδρεα
301 391 356 435 τὰ
384 390 512 449 ἄγρια
538 390 701 436 αὐτόθι
727 397 849 451 φέρει
875 392 1041 450 καρπὸν
1068 394 1182 450 εἴρια
1211 395 1391 450 καλλονῇ
1416 410 1463 436 τε

102 463 381 517 προφέροντα
406 461 477 501 καὶ
503 458 632 517 ἀρετῇ
657 465 742 503 τιῦν
769 458 859 503 ἀπὸ
885 464 970 503 τῶν
997 459 1120 503 ὀίων·
1146 463 1218 504 καὶ
1244 461 1401 518 ἐσθῆτι
1423 460 1464 502 οἱ

97 526 222 571 Ἰνδοὶ
254 525 344 570 ἀπὸ
377 528 540 570 τούτων
570 532 657 570 τῶν
690 528 895 584 δενδρέων
924 532 1136 585 χρέονται.
1203 527 1315 584 πρὸς
1347 526 1386 570 δ’
1410 522 1463 570 αὖ

103 598 372 651 μεσαμβρίης
399 593 554 650 ἐσχάτη
577 592 749 651 Ἀραβίη
776 599 861 638 τιῦν
888 595 1142 649 οἷκεομένων
1163 599 1338 650 χωρέων
1359 594 1462 647 ἐστί,

106 661 148 704 ἐν
186 662 231 704 δὲ
265 663 400 718 ταύτῃ
433 662 671 716 λιβανωτός
700 662 748 705 τέ
783 661 876 705 ἐστι
912 663 1046 719 μούνῃ
1081 667 1254 720 χωρέων
1290 666 1465 706 πασέων

108 729 325 786 φυόμενος
349 731 421 771 καὶ
447 729 609 786 σμύρνη
642 731 713 771 καὶ
744 733 870 785 κασίη
902 732 973 772 καὶ
998 730 1270 784 κιννάμωμον
1294 733 1366 773 καὶ
1391 730 1465 786 λή-

109 797 249 840 δανον.
309 801 446 840 ταῦτα
471 797 616 839 πάντα
639 795 750 852 πλὴν
781 801 856 852 τῆς
882 797 1069 853 σμύρνης
1101 797 1348 848 δυσπετέως
1373 801 1467 839 κτέ-

108 880 229 907 ονται
255 863 297 906 οἱ
316 862 521 919 Ἀράβιοι.
580 862 654 906 τὸν
678 863 754 917 μέν
778 880 824 918 γε
850 864 1087 918 λιβανωτὸν
1115 866 1365 919 συλλέγουσι
1388 863 1466 918 τὴν

107 932 295 987 στύρακα
319 934 591 984 θυμιεῦντες,
630 929 704 986 τὴν
730 930 772 980 ἐς
793 928 996 987 Ἕλληνας
1024 936 1214 981 Φοίνικες
1246 930 1465 985 ἐξάγουσι·

105 999 264 1053 ταύτην
289 1002 548 1052 θυμιεῦντες
573 997 861 1051 λαμβάνουσι·
886 997 941 1039 τὰ
965 996 1045 1054 γὰρ
1074 999 1249 1054 δένδρεα
1268 996 1321 1039 τὰ
1342 999 1466 1051 λιβα-

103 1065 336 1122 νωτοφόρα
369 1062 493 1121 ὄφιες
518 1062 784 1121 ὑπόπτεροι,
824 1067 997 1121 σμικροὶ
1027 1064 1081 1107 τὰ
1105 1065 1324 1120 μεγάθεα,
1363 1081 1467 1107 ποι-

102 1135 215 1175 κίλοι
239 1131 293 1175 τὰ
319 1131 448 1183 ε’ίδεα,
478 1131 755 1188 φυλάσσουσι
779 1133 948 1188 πλήθεϊ
966 1133 1125 1175 πολλοὶ
1143 1134 1245 1187 περὶ
1271 1131 1465 1189 δένδρεον

103 1199 292 1251 ἕκαστον,
321 1192 443 1242 οὗτοι
469 1199 595 1254 οἵπερ
623 1197 688 1241 ἐπ’
703 1199 928 1255 Αἴγυπτον
954 1198 1348 1255 ἐπιστρατεύονται.
1394 1197 1467 1242 οὗ·

104 1267 192 1310 δενὶ
218 1267 263 1309 δὲ
289 1263 404 1323 ἄλλῳ
432 1264 750 1309 ἀπελαύνονται
776 1264 866 1309 άπὸ
892 1271 976 1309 τῶν
998 1267 1204 1324 δενδρέων
1226 1266 1250 1323 ἢ
1269 1271 1344 1322 τῆς
1365 1267 1466 1309 στύ-

102 1350 231 1390 ρακος
254 1339 315 1390 τῷ
340 1338 505 1390 καπνῷ.
543 1335 716 1390 λέγουσι
743 1335 790 1377 δὲ
814 1336 886 1376 καὶ
911 1335 1012 1377 τόδε
1028 1333 1232 1392 Άράβιοι,
1262 1332 1320 1385 ὥς
1340 1338 1465 1377 πᾶσα

103 1400 153 1443 ἂν
177 1406 229 1457 γῆ
257 1400 507 1455 ἐπίμπλατο
532 1406 617 1444 τιῦν
643 1400 783 1458 ὀφίων
808 1402 984 1454 τούτων,
1016 1402 1054 1444 εἷ
1072 1401 1129 1457 μη
1152 1406 1355 1457 γίνεσθαι
1375 1400 1463 1445 κατ’

103 1467 258 1519 αὖτοὺς
283 1467 377 1511 οἷόν
396 1486 439 1511 τι
463 1471 545 1511 καὶ
571 1468 679 1511 κατὰ
698 1467 776 1519 τὰς
797 1468 962 1522 ἐχίδνας
981 1467 1230 1526 ἠπιστάμην
1249 1473 1465 1524 γίνεσθαι.

101 1540 174 1578 καί
192 1552 276 1586 κως
295 1540 372 1578 τοῦ
393 1539 518 1578 θείου
539 1533 564 1591 ἡ
587 1536 785 1591 πρόνοια,
817 1533 964 1591 ὥσπερ
984 1538 1054 1579 καὶ
1071 1536 1187 1587 οἶκός
1202 1536 1305 1587 ἐστι,
1335 1535 1466 1578 ἐοῦσα

104 1603 240 1660 σοφή,
277 1599 360 1646 ὅσα
384 1603 459 1657 μὲν
486 1602 626 1658 ψυχήν
656 1619 703 1645 τε
736 1602 856 1645 δειλὰ
881 1606 954 1646 καὶ
980 1603 1191 1657 ἐδώδιμα,
1225 1608 1361 1645 ταῦτα
1391 1604 1466 1657 μὲν

102 1672 247 1714 πάντα
265 1670 486 1725 πολύγονα
507 1667 733 1726 πεποίηκε,
761 1670 832 1713 ἵνα
849 1669 906 1727 μὴ
929 1670 1110 1727 ἐπιλίπῃ
1131 1671 1463 1725 κατεσθιόμενα,

104 1735 188 1781 ὅσα
214 1739 260 1781 δὲ
286 1739 459 1791 σχέτλια
483 1739 554 1780 καὶ
581 1735 747 1794 ἀνιηρά,
777 1736 1016 1794 ὀλιγόγονα.
1074 1743 1203 1781 τοῦτο
1229 1738 1317 1792 μέν,
1347 1735 1415 1780 ὅτι
1441 1736 1464 1781 ὅ

103 1804 234 1862 λαγὸς
269 1803 358 1848 ὑπὸ
396 1804 560 1856 παντὸς
596 1805 831 1861 θηρεύεται
872 1809 1033 1861 θηρίου
1071 1808 1142 1848 καὶ
1180 1803 1359 1862 ὄρνιθος
1393 1807 1466 1847 καὶ

105 1872 368 1931 ἀνθρώπου,
415 1870 526 1915 οὕτω
566 1873 615 1928 δή
659 1890 702 1915 τι
737 1873 978 1928 πολύγονόν
1016 1873 1127 1915 ἐστι·
1172 1872 1466 1915 ἐπικυΐσκεται

103 1945 260 1995 μοῦνον
290 1940 464 1983 πάντων
494 1944 677 1996 θηρίων,
709 1942 780 1982 καὶ
816 1939 860 1983 τὸ
892 1941 968 1994 μὲν
996 1939 1103 1983 δασὺ
1129 1945 1214 1983 τῶν
1245 1944 1400 1983 τέκνων
1425 1939 1466 1983 ἓν

103 2013 154 2065 τῇ
178 2010 332 2064 γαστρὶ
355 2006 405 2050 τὸ
433 2008 480 2050 δὲ
506 2008 649 2062 ψιλόν,
677 2006 726 2050 τὸ
754 2008 799 2050 δὲ
821 2005 920 2064 ἄρτι
941 2007 982 2051 ἐν
1001 2012 1100 2064 τῇσι
1118 2009 1306 2064 μήτρῃσι
1325 2008 1468 2051 πλάσ-

106 2092 247 2127 σεται,
281 2074 331 2118 τὸ
359 2076 405 2118 δὲ
431 2073 689 2132 ἀναιρέεται.
748 2079 878 2118 τοῦτο
908 2076 984 2130 μὲν
1017 2075 1066 2131 δὴ
1092 2073 1267 2118 τοιοῦτό
1298 2075 1408 2127 ἐστι,
1441 2073 1465 2131 ἡ

107 2144 153 2186 δὲ
185 2142 235 2200 δὴ
267 2142 415 2186 λέαινα
447 2142 516 2186 ἐὸν
548 2143 827 2201 ἰσχυρότατον
857 2144 929 2186 καὶ
964 2143 1242 2199 θρασύτατον
1275 2140 1397 2195 ἅπαξ
1427 2143 1467 2185 ἐν

105 2215 166 2266 τῷ
190 2214 272 2266 βίῳ
298 2215 432 2254 τίκτει
452 2210 513 2254 ἕν·
538 2214 744 2254 τίκτουσα
762 2213 842 2267 γὰρ
865 2211 1141 2265 συνεκβάλλει
1160 2215 1220 2266 τῷ
1240 2214 1370 2265 τέκνῳ
1391 2208 1469 2260 τὰς

107 2278 285 2334 μήτρας.
322 2277 372 2321 τὸ
400 2279 446 2321 δὲ
472 2279 610 2321 α’ίτιον
634 2279 789 2321 τούτου
816 2278 918 2320 τόδε
944 2277 1054 2321 ἐστί·
1082 2277 1214 2321 ἐπεὰν
1241 2275 1263 2319 ὃ
1285 2277 1469 2330 σκύμνος

110 2345 151 2388 ἐν
175 2349 226 2401 τῇ
251 2347 380 2401 μητρὶ
406 2344 485 2388 ἐὼν
511 2343 692 2400 ἄρχηται
718 2345 1046 2398 διακινεόμενος,
1076 2342 1098 2387 ὃ
1127 2345 1171 2386 δὲ
1192 2344 1296 2396 ἔχων
1317 2342 1469 2396 ὄνυχας

108 2416 278 2469 θηρίων
308 2411 470 2455 πολλὸν
501 2412 675 2455 πάντων
708 2410 940 2464 ὀξυτάτους
972 2410 1155 2465 ἀμύσσει
1184 2410 1262 2461 τὰς
1291 2412 1467 2468 μήτρας.

112 2478 399 2533 αὖξανόμενός
418 2495 463 2522 τε
484 2477 534 2536 δὴ
555 2481 703 2535 πολλῷ
723 2482 884 2533 μᾶλλον
900 2478 1141 2521 ἐπικνέεται
1160 2479 1468 2535 καταγράφων·

111 2549 247 2598 πέλας
272 2563 318 2589 τε
344 2545 394 2602 δὴ
423 2544 445 2589 ὃ
476 2547 603 2597 τόκος
629 2545 718 2590 ἐστὶ
744 2549 816 2589 καὶ
846 2545 896 2590 τὸ
928 2547 1140 2602 παράπαν
1171 2547 1368 2589 λείπεται
1394 2544 1470 2588 αὗ-

111 2618 219 2658 τέων
250 2612 366 2670 ὑγιὲς
398 2611 499 2657 οὐδὲ
531 2613 587 2657 ἕν.
649 2613 707 2665 ὣς
739 2615 785 2657 δὲ
814 2616 886 2657 καὶ
912 2614 958 2656 αἱ
989 2613 1152 2667 ἔχιδναί
1180 2630 1226 2656 τε
1257 2615 1328 2656 καὶ
1356 2614 1397 2656 οἱ
1428 2613 1469 2656 ἐν

109 2681 346 2739 Ἀραβίοισι
365 2679 610 2738 ὑπόπτεροι
625 2679 755 2739 ὄφιες.
769 2681 807 2725 εἰ
827 2681 1012 2738 ἐγίνοντο
1028 2679 1086 2733 ὥς
1105 2679 1129 2737 ἡ
1151 2682 1281 2738 φύσις
1301 2679 1472 2724 αὐτοῖσι

114 2749 318 2806 ὑπάρχει,
360 2748 435 2792 οὐκ
466 2748 516 2792 ἂν
547 2744 596 2807 ἧν
618 2751 814 2805 βιώσιμα
847 2747 1146 2805 ἀνθρώποισι·
1183 2753 1252 2792 νῦν
1284 2747 1322 2792 δ’
1341 2747 1473 2792 ἐπεὰν

1489 540 1537 566 107

1490 1347 1540 1372 108

1495 2627 1544 2654 109
