1794 3282
545 251 859 286 ΗΡΟΔΟΤΟΥ
888 251 928 285 Γ.
954 250 1100 285 37-39.
1425 239 1506 281 193

224 320 261 366 ‘0
284 322 361 377 μὲν
388 319 437 377 δὴ
462 324 644 363 τοιαῦτα
670 318 813 362 πολλὰ
840 319 882 370 ἐς
909 323 1076 377 Πέρσας
1101 336 1147 362 τε
1171 320 1242 362 καὶ
1272 317 1372 369 τοὺς
1398 333 1506 372 συμ-
1529 329 1561 355 37

143 391 308 447 μάχους
331 389 587 444 ἐξεμαίνετο,
614 387 752 443 μένων
777 387 818 430 ἐν
832 390 985 443 Μέμφι
1003 389 1076 429 καὶ
1095 387 1237 443 θήκας
1249 403 1295 429 τε
1316 384 1508 436 παλαιὰς

144 457 328 514 ἀνοίγων
357 458 430 499 καὶ
462 456 752 511 σκεπτόμενος
781 454 882 506 τοὺς
912 455 1103 512 νεκρούς·
1137 454 1178 498 ἐν
1211 455 1257 497 δὲ
1288 453 1338 510 δὴ
1370 454 1440 496 καὶ
1467 452 1509 504 ἐς

143 529 222 568 τοῦ
243 522 480 581 Ἡφαίστου
506 523 556 566 τὸ
585 522 676 579 ἱρὸν
701 517 813 580 ἦλθε
838 524 910 565 καὶ
935 520 1079 565 πολλὰ
1102 519 1354 578 τιῦγάλματι
1384 536 1503 564 κατε-

143 594 317 649 γέλασε·
355 591 448 634 ’έστι
476 589 557 648 γὰρ
594 595 671 633 τοῦ
698 589 935 647 Ἡφαίστου
971 587 1179 645 τῶγαλμα
1213 597 1331 632 τοῖσι
1365 595 1508 631 Φοινι-

144 664 308 716 κηίοισι
322 661 583 702 Παταΐκοισι
599 657 930 716 ἐμφερέστατον,
956 656 1059 708 τοὺς
1080 657 1121 700 οἱ
1138 660 1329 707 Φοίνικες
1351 655 1392 699 ἐν
1411 659 1509 712 τῇσι

145 728 349 785 πρώρῃσι
378 731 462 769 τιῦν
497 729 706 784 τριηρέων
741 726 1014 781 περιάγουσι.
1083 724 1130 775 ὃς
1168 725 1213 767 δὲ
1242 725 1423 775 τούτους
1452 722 1509 777 μὴ

146 793 324 846 ὄπωπε,
365 793 447 850 ἐγὼ
480 795 527 836 δέ
558 793 599 836 οἱ
631 796 848 849 σημανέω·
884 796 1105 848 πυγμαίου
1140 790 1295 848 ἀνδρὸς
1330 795 1511 847 μίμησίς

146 861 251 905 ἐστι.
314 861 473 917 ἐσῆλθε
500 861 546 903 δὲ
570 862 639 902 καὶ
668 859 710 910 ἐς
734 864 820 902 τιῦν
846 863 1069 916 Καβείρων
1094 858 1143 901 τὸ
1173 859 1275 913 ἱρόν,
1310 858 1353 909 ἐς
1383 858 1431 900 τὸ
1460 855 1508 900 οὗ

145 929 332 983 θεμιτόν
358 927 450 971 ἐστι
476 927 637 970 ἐσιέναι
664 926 792 969 ἄλλον
822 943 869 982 γε
894 924 920 982 ἢ
944 925 1019 969 τὸν
1046 926 1158 983 ἱρέα·
1188 929 1325 968 ταῦτα
1358 925 1404 967 δὲ
1434 922 1512 966 τά-

145 998 345 1053 γάλματα
370 997 441 1038 καὶ
472 995 679 1051 ἐνέπρησε
710 993 854 1036 πολλὰ
883 994 1191 1049 κατασκώψας.
1253 992 1345 1035 ἔστι
1371 992 1417 1034 δὲ
1441 993 1514 1033 καὶ

148 1068 283 1107 ταῦτα
309 1060 442 1117 ὁμοῖα
466 1070 582 1105 τοῖσι
606 1065 683 1104 τοῦ
705 1059 963 1118 Ἡφαίστου·
988 1061 1143 1103 τούτου
1172 1061 1219 1103 δέ
1244 1075 1382 1117 σφεας
1408 1067 1514 1102 παῖ-

148 1133 226 1182 δας
251 1133 424 1187 λέγουσι
450 1128 573 1173 εἶναι.
622 1133 818 1185 πανταχῇ
846 1122 904 1171 ὧν
928 1144 1006 1182 μοι
1032 1127 1139 1184 δῆλά
1166 1126 1258 1170 ἐστι
1284 1125 1353 1170 ὅτι
1379 1126 1511 1183 ἐμάνη

147 1199 346 1255 μεγάλως
371 1196 393 1240 ὃ
420 1197 674 1254 Καμβύσης”
702 1195 750 1239 οὗ
777 1195 858 1252 γὰρ
886 1194 937 1238 ἂν
965 1195 1100 1252 ἱροῖσί
1123 1212 1169 1238 τε
1194 1197 1265 1238 καὶ
1290 1197 1514 1249 νομαίοισι

148 1266 399 1323 ἐπεχείρησε
423 1267 671 1321 καταγελᾶν.
722 1263 760 1306 εἰ
783 1264 863 1321 γάρ
889 1281 955 1314 τις
980 1267 1173 1320 προθείη
1200 1267 1313 1307 πᾶσι
1339 1260 1515 1318 ἀνθρώ-

150 1350 278 1378 ποισι
305 1333 566 1385 ἐκλέξασθαι
590 1332 772 1374 κελεύων
797 1332 956 1386 νόμους
973 1330 1074 1382 τοὺς
1092 1333 1346 1382 καλλίστους
1367 1330 1411 1373 ἐκ
1429 1333 1514 1372 τῶν

151 1402 327 1445 πάντων
358 1401 512 1455 νόμιον,
548 1400 892 1455 διασκεψάμενοι
924 1396 975 1441 ἂν
1005 1398 1176 1441 ἑλοίατο
1210 1398 1383 1442 ἕκαστοι
1413 1396 1514 1448 τοὺς

151 1469 343 1512 ἑωυτῶν·
370 1465 483 1511 οὕτω
509 1468 732 1522 νομίζουσι
757 1467 919 1510 πολλόν
943 1484 987 1509 τι
1010 1468 1265 1517 καλλίστους
1288 1464 1388 1517 τοὺς
1409 1464 1515 1508 ἑωυ-

151 1541 237 1580 τῶν
261 1536 420 1591 νόμους
446 1535 619 1578 ἕκαστοι
645 1533 767 1578 εἶναι.
818 1533 893 1577 οὔκ
919 1528 977 1577 ὧν
1003 1534 1120 1585 οἶκός
1146 1533 1240 1577 ἐστι
1265 1531 1393 1576 ἄλλον
1418 1550 1464 1588 γε
1489 1530 1515 1588 ἢ

151 1604 411 1658 μαινόμενον
444 1600 579 1660 ἄνδρα
608 1604 774 1659 γέλωτα
804 1601 859 1644 τὰ
888 1606 1069 1644 τοιαῦτα
1093 1605 1323 1644 τίθεσθαι.
1385 1599 1444 1651 ὥς
1470 1601 1516 1643 δὲ

153 1668 266 1714 οὕτω
293 1675 540 1725 νενομίκασι
564 1669 619 1713 τὰ
644 1671 747 1727 περὶ
771 1667 871 1720 τοὺς
895 1669 1055 1723 νόμους
1079 1669 1239 1719 πάντες
1265 1666 1511 1725 ἄνθρωποι,

153 1740 360 1782 πολλοῖσί
394 1755 441 1781 τε
497 1740 566 1780 καὶ
595 1736 766 1780 ἄλλοισι
790 1741 1059 1794 τεκμηρίοισι
1090 1737 1277 1790 πάρεστι
1304 1736 1516 1790 σταθμώ-

154 1810 338 1857 σασθαι,
367 1805 409 1848 ἐν
430 1806 475 1848 δὲ
496 1804 545 1861 δὴ
567 1807 638 1847 καὶ
656 1805 781 1860 τῷδε.
814 1811 999 1861 Δαρεῖος
1019 1803 1092 1847 ἐπὶ
1111 1808 1185 1860 τῆς
1205 1803 1367 1846 ἑωυτοῦ
1387 1801 1517 1860 ἀρχῆς

153 1875 338 1924 καλέσας
354 1871 559 1929 Ἑλλήνων
577 1871 676 1923 τοὺς
697 1872 941 1929 παρεόντας
961 1872 1098 1929 εἴρετο
1121 1871 1195 1914 ἐπὶ
1214 1871 1330 1926 κόσῳ
1347 1868 1397 1913 ἂν
1415 1871 1517 1927 χρή-

153 1958 258 1995 ματι
282 1942 514 1996 βουλοίατο
540 1939 641 1990 τοὺς
666 1943 859 1997 πατέρας
885 1937 1246 1995 ἀποθνήσκοντας
1270 1942 1517 1981 κατασιτέε-

157 2013 288 2051 σθαι·
317 2007 359 2050 οἱ
385 2009 430 2051 δὲ
456 2005 521 2051 ἐπ’
540 2005 678 2051 οὐδενὶ
707 2007 874 2064 ἔφασαν
902 2007 1039 2063 ἕρδειν
1065 2005 1116 2049 ἂν
1141 2010 1283 2049 τοῦτο.
1335 2012 1518 2061 Δαρεῖος

155 2077 202 2119 δὲ
225 2075 335 2130 μετὰ
353 2079 488 2118 ταῦτα
507 2077 691 2126 καλέσας
705 2073 845 2118 Ἰνδιῦν
865 2074 965 2126 τοὺς
982 2076 1265 2128 καλεομένους
1290 2075 1515 2124 Καλατίας,

155 2146 198 2186 οἳ
221 2142 321 2194 τοὺς
345 2147 495 2199 γονέας
519 2147 825 2194 κατεσθίουσι,
856 2143 1013 2200 εἴρετο,
1048 2142 1299 2199 παρεόντων
1323 2146 1409 2184 τιῦν
1430 2139 1519 2183 Ἑλ-

154 2211 290 2266 λήνων
310 2213 381 2253 καὶ
403 2209 455 2254 δι’
473 2210 674 2268 ἑρμηνέος
692 2211 1005 2264 μανθανόντων
1023 2208 1078 2253 τὰ
1098 2210 1317 2265 λεγόμενα,
1343 2208 1417 2250 ἐπὶ
1436 2212 1519 2250 τίνι

151 2278 339 2333 χρήματι
359 2277 543 2330 δεξαίατ’
555 2276 605 2320 ἂν
625 2281 923 2329 τελευτέοντας
941 2277 1042 2329 τοὺς
1062 2280 1254 2334 πατέρας
1274 2279 1520 2318 κατακαίειν

156 2349 282 2400 πυρί·
326 2345 368 2388 οἷ
400 2346 445 2387 δὲ
476 2343 756 2399 ἀμβώσαντες
791 2349 901 2401 μέγα
938 2344 1168 2402 εὐφημέειν
1204 2361 1277 2397 μιν
1314 2342 1517 2385 ἐκέλευον.

157 2410 270 2454 οὕτω
303 2416 378 2467 μέν
409 2430 480 2455 νυν
510 2417 647 2454 ταῦτα
677 2413 945 2467 νενόμισται,
984 2415 1056 2454 καὶ
1087 2409 1238 2468 ὀρθῶς
1267 2427 1344 2465 μοι
1383 2410 1520 2452 δοκέει

156 2481 370 2537 Πίνδαρος
394 2483 579 2535 ποιῆσαι
603 2480 734 2533 νόμον
759 2479 933 2522 πάντων
957 2481 1140 2534 βασιλέα
1167 2478 1313 2535 φήσας
1339 2475 1460 2519 εἶναι.

242 2547 484 2602 Καμβύσεω
507 2547 551 2588 δὲ
573 2545 638 2589 ἐπ’
654 2547 876 2602 Αἴγυπτον
897 2549 1235 2602 στρατευομένου
1258 2544 1518 2601 ἐποιήσαντο

156 2617 228 2658 καὶ
259 2614 600 2668 Λακεδαιμόνιοι
637 2617 866 2670 στρατηίην
904 2613 976 2657 ἐπὶ
1008 2614 1155 2668 Σάμον
1190 2629 1236 2656 τε
1272 2614 1344 2655 καὶ
1380 2613 1519 2656 Πολυ-

157 2683 316 2739 κράτεα
346 2681 420 2725 τὸν
444 2681 649 2733 Αἰάκεος,
684 2681 732 2732 ὃς
764 2681 858 2734 ἔσχε
888 2682 1035 2736 Σάμον
1068 2681 1333 2732 ἐπαναστάς,
1366 2682 1435 2722 καὶ
1467 2679 1521 2722 τὰ

157 2751 233 2805 μὲν
259 2754 414 2806 πρῶτα
438 2754 560 2807 τριχῇ
593 2749 835 2804 δασάμενος
865 2748 939 2806 τήν
964 2750 1093 2792 πόλιν
1118 2757 1235 2792 τοῖσι
1267 2747 1521 2804 ἀδελφεοῖσι

226 2817 357 2844 Herodoti
374 2817 422 2844 vol.
439 2817 457 2845 1.
1230 2815 1272 2850 13

1538 1138 1570 1164 38

1544 2557 1577 2582 39
