1794 3282
226 1559 276 1583 126

232 2103 280 2127 127

304 254 388 295 290
687 261 1000 296 ΗΡΟΔΟΤΟΥ
1031 262 1073 296 Δ.
1098 262 1290 298 125-127.

304 331 347 383 ἐς
371 336 456 374 τιῦν
475 331 807 385 Μελαγχλαίνων
831 329 906 386 τὴν
929 334 1018 386 γῆν.
1058 328 1118 381 ὥς
1144 331 1190 373 δὲ
1216 330 1471 386 ἐσβαλόντες
1490 332 1672 383 τούτους

306 399 515 454 ἐτάραξαν
553 397 599 440 οἵ
631 413 678 440 τε
714 398 886 440 Σκύθαι
922 399 994 440 καὶ
1032 397 1074 440 οἱ
1109 402 1294 455 Πέρσαι,
1338 400 1592 456 κατηγέοντο
1631 399 1674 442 οἱ

304 466 478 509 Σκύθαι
504 464 546 515 ἐς
570 469 656 508 τῶν
677 463 978 522 ,Ἀνδροφάγων
1002 464 1103 516 τοὺς
1131 466 1313 522 χώρους.
1367 471 1673 524 ταραχθέντων

307 535 350 576 δὲ
375 534 447 576 καὶ
470 533 637 576 τούτων
668 531 834 589 ὑπῆγον
867 532 941 576 ἐπὶ
971 534 1047 589 τὴν
1072 535 1278 591 Νευρίδα.
1337 538 1672 589 ταρασσομένων

304 602 350 644 δὲ
380 602 453 643 καὶ
488 601 654 644 τούτων
691 598 818 656 ἤισαν
853 598 1177 657 ὑποφεύγοντες
1215 602 1257 644 οἱ
1287 602 1460 644 Σκύθαι
1497 601 1540 652 ἐς
1571 601 1673 652 τοὺς

299 667 608 725 Ἀγαθύρσους.
654 667 918 725 Ἀγάθυρσοι
944 669 990 712 δὲ
1017 668 1211 725 ὁρέοντες
1235 672 1308 711 καὶ
1333 668 1432 720 τοὺς
1458 667 1674 724 ὁμούρους

304 737 543 794 φεύγοντας
567 734 654 780 ὑπὸ
681 737 889 780 Σκυθέων
913 739 985 779 καὶ
1010 740 1366 794 τεταραγμένους,
1400 739 1503 794 πρὶν
1534 734 1561 793 ἤ
1592 753 1675 793 σφι

305 803 506 859 ἐμβαλεῖν
548 802 649 855 τοὺς
684 805 863 855 Σκύθας
904 808 1158 860 πέμψαντες
1199 805 1359 861 κήρυκα
1402 802 1674 862 ἀπηγόρευον

304 873 505 929 Σκύθῃσι
528 871 586 928 μὴ
608 871 848 927 ἐπιβαίνειν
867 877 953 915 τιῦν
973 872 1194 930 σφετέρων
1214 870 1364 928 σύρων,
1392 875 1675 929 προλέγοντες

306 938 365 992 ὥς
397 940 435 983 εἰ
471 940 757 997 πειρήσονται
795 939 1068 995 ἐσβαλόντες,
1109 945 1238 998 σφίσι
1274 944 1431 998 πριῦτα
1469 941 1676 994 διαμαχέ-

306 1024 468 1051 σονται.
514 1007 778 1064 Ἀγάθυρσοι
803 1009 880 1061 μὲν
905 1013 1196 1066 προείπαντες
1214 1013 1352 1052 ταῦτα
1377 1008 1573 1063 ἐβώθεον
1599 1007 1675 1051 ἐπὶ

304 1075 404 1127 τοὺς
425 1073 592 1133 οὔρους,
616 1075 777 1130 ἐρύκειν
793 1076 833 1118 ἐν
854 1077 939 1132 νόῳ
957 1077 1122 1130 ἔχοντες
1142 1075 1241 1127 τοὺς
1256 1076 1479 1127 ἐπιόντας·
1504 1076 1675 1131 Μελάγ-

302 1146 472 1197 χλαινοι
504 1145 551 1186 δὲ
582 1146 654 1186 καὶ
674 1142 960 1200 Ἀνδροφάγοι
990 1146 1062 1186 καὶ
1092 1146 1254 1199 Νευροὶ
1287 1143 1557 1198 ἐσβαλόντων
1587 1147 1673 1186 τῶν

303 1214 504 1267 Περσέων
531 1208 621 1265 ἅμα
646 1212 846 1267 Σκύθῃσι
873 1210 972 1254 οὕτε
997 1210 1109 1268 πρὸς
1135 1210 1262 1267 ἀλκὴν
1289 1211 1546 1267 ἐτράποντο,
1576 1211 1673 1254 ἐπι-

305 1279 549 1332 λαθόμενοί
577 1295 623 1321 τε
653 1283 728 1335 τῆς
760 1277 943 1334 ἀπειλῆς
975 1279 1156 1336 ἔφευγον
1189 1279 1274 1321 αἰεὶ
1305 1278 1355 1322 τὸ
1388 1278 1500 1335 πρὸς
1530 1279 1671 1335 βορέω

307 1345 349 1396 ἐς
378 1344 452 1402 τὴν
485 1346 638 1401 ἐρῆμον
668 1350 988 1401 τεταραγμένοι.
1052 1346 1092 1388 οἱ
1125 1347 1170 1388 δὲ
1195 1346 1367 1388 Σκύθαι
1398 1346 1440 1396 ἐς
1471 1347 1547 1399 μὲν
1571 1344 1674 1395 τοὺς

301 1411 596 1469 Ἀγαθύρσους
622 1411 765 1455 οὖκέτι
792 1411 1067 1463 ἀπείπαντας
1093 1411 1367 1455 ἀπικνέοντο·
1396 1413 1437 1454 οἱ
1458 1414 1504 1455 δὲ
1530 1412 1574 1455 ἐκ
1597 1417 1674 1469 τῆς

304 1481 516 1537 Νευρίδος
534 1481 676 1537 χώρης
690 1480 732 1531 ἐς
746 1479 819 1536 τὴν
840 1484 1049 1537 σφετέρην
1063 1484 1316 1537 κατηγέοντο
1336 1489 1454 1524 τοῖσι
1466 1483 1674 1537 Πέρσῃσι.

387 1546 449 1598 Ὡς
476 1549 521 1590 δὲ
546 1547 708 1590 πολλὸν
732 1552 859 1591 τοῦτο
888 1548 1048 1604 ἐγίνετο
1074 1550 1145 1590 καὶ
1167 1546 1241 1591 οὐκ
1262 1548 1462 1601 ἐπαύετο,
1490 1547 1675 1604 πέμψας

305 1623 490 1671 Δαρεῖος
524 1615 664 1659 ἱππέα
696 1615 819 1672 παρὰ
848 1615 921 1659 τὸν
946 1620 1154 1660 Σκυθέων
1184 1616 1368 1671 βασιλέα
1394 1615 1674 1671 Ἰδάνθυρσον

306 1684 421 1740 ἔλεγε
445 1684 563 1726 τάδε.
609 1681 841 1738 ((δαιμόνιε
868 1682 1046 1741 ἀνδρῶν,
1075 1689 1118 1727 τί
1142 1685 1317 1741 φεύγεις
1343 1684 1441 1736 αἰεί,
1470 1683 1587 1736 ἐξεόν
1604 1700 1674 1726 τοι

304 1753 440 1795 τῶνδε
470 1750 525 1795 τὰ
557 1751 681 1808 ἕτερα
717 1752 908 1805 ποιέεινς
947 1752 985 1794 εἰ
1020 1753 1097 1806 μὲν
1133 1751 1214 1807 γὰρ
1253 1750 1476 1808 ἀξιόχρεος
1513 1753 1675 1802 δοκέεις

306 1818 417 1863 εἶναι
443 1824 620 1876 σεωυτῷ
645 1829 764 1864 τοῖσι
790 1819 936 1875 ἐμοῖσι
961 1821 1188 1877 πρήγμασι
1220 1818 1508 1876 ἀντιωθῆναι,
1543 1818 1593 1862 σὺ
1628 1819 1675 1862 δὲ

310 1888 415 1938 στάς
439 1905 484 1930 τε
509 1890 582 1930 καὶ
607 1888 888 1942 παυσάμενος
913 1888 1079 1944 πλάνης
1102 1888 1347 1942 μάχεσθαι·
1381 1887 1419 1930 εἰ
1452 1888 1498 1930 δὲ
1529 1903 1675 1943 συγγι-

305 1955 491 1998 νώσκεαι
528 1953 638 1998 εἶναι
671 1955 826 2007 ἕσσων,
867 1955 916 1999 σὺ
952 1957 998 1998 δὲ
1028 1958 1100 1998 καὶ
1137 1952 1249 1998 οὕτω
1286 1955 1567 2009 παυσάμενος
1596 1957 1673 1997 τοῦ

307 2023 468 2079 δρόμου
508 2023 700 2080 δεσπότῃ
737 2028 799 2079 τῷ
832 2028 895 2079 σῷ
928 2024 1047 2077 διῦρα
1079 2023 1224 2079 φέρων
1259 2027 1334 2078 γῆν
1370 2039 1416 2064 τε
1452 2024 1524 2064 καὶ
1554 2020 1672 2077 ὕδωρ

308 2090 411 2133 ἐλθὲ
437 2089 479 2140 ἐς
504 2089 695 2146 λόγους.”
736 2090 848 2145 πρὸς
873 2095 1009 2132 ταῦτα
1035 2088 1062 2145 ὁ,
1084 2089 1292 2132 Σκυθέων
1315 2088 1520 2143 βασιλεὺς
1541 2087 1674 2132 Ἰδάν-

305 2162 474 2214 θύρσος
500 2157 614 2213 ἔλεγε
639 2158 755 2201 τάδε.
800 2155 946 2200 ((οἷῖτω
972 2157 1022 2200 τὸ
1050 2156 1151 2211 ἐμὸν
1179 2157 1281 2210 ἔχει,
1311 2151 1345 2199 ὦ
1371 2160 1531 2213 Πέρσα.
1589 2156 1671 2212 ἐγώ

306 2224 460 2268 οὐδένα
485 2242 543 2267 κω
572 2224 823 2283 ἀνθρώπων
850 2227 997 2277 δείσας
1023 2226 1182 2282 ἔφυγον
1209 2224 1307 2267 οὔτε
1333 2225 1547 2281 πρότερον
1573 2223 1672 2267 οὔτε

303 2298 374 2337 νῦν
401 2294 448 2336 σὲ
474 2294 642 2351 φεύγω·
683 2292 784 2336 ούδέ
808 2311 849 2336 τι
876 2294 1084 2350 νεώτερόν
1110 2293 1199 2347 εἶμι
1230 2293 1421 2349 ποιήσας
1451 2297 1523 2335 νῦν
1548 2289 1575 2349 ἢ
1600 2294 1673 2334 καὶ

305 2361 346 2404 ἐν
377 2361 519 2418 εἰρήνῃ
553 2361 701 2404 ἐώθεα
732 2364 912 2404 ποιέειν.
968 2358 994 2405 ὅ
1024 2379 1068 2404 τι
1099 2362 1145 2404 δὲ
1178 2360 1254 2403 ούκ
1286 2358 1440 2403 αὐτίκα
1475 2361 1673 2415 μάχομαί

301 2447 381 2482 τοι,
418 2429 499 2486 ἐγώ
530 2432 602 2472 καὶ
633 2434 762 2472 τοῦτο
802 2428 1022 2485 σημανέω·
1060 2427 1160 2486 ἡμῖν
1194 2426 1292 2472 οὔτε
1324 2428 1459 2471 ἄστεα
1490 2425 1588 2470 οὕτε
1618 2432 1670 2484 γῆ

302 2501 602 2555 πεφυτευμένη
636 2497 744 2549 ἔστι,
783 2502 868 2540 τιῦν
899 2501 1002 2552 πέρι
1035 2498 1252 2548 δείσαντες
1287 2495 1345 2552 μὴ
1384 2494 1473 2552 ἁλῷ
1506 2493 1531 2552 ἢ
1561 2500 1670 2552 καρῇ

302 2567 533 2623 ταχύτερον
570 2569 884 2621 συμμίσγοιμεν
922 2563 972 2608 ἂν
1010 2564 1052 2616 ἐς
1081 2565 1219 2622 μάχην
1250 2563 1364 2619 ὑμῖν.
1426 2564 1465 2607 εἰ
1501 2564 1547 2606 δὲ
1578 2564 1671 2606 δέοι

303 2635 478 2685 πάντως
509 2633 551 2685 ἐς
586 2638 714 2676 τοῦτο
751 2632 861 2676 κατὰ
895 2633 1024 2686 τάχος
1063 2630 1372 2683 ἀπικνέεσθαι,
1411 2631 1670 2686 τυγχάνουσι

303 2700 402 2758 ἡμῖν
429 2702 569 2753 ἐόντες
592 2702 730 2759 τάφοι
750 2701 982 2757 πατρώιοι.
1027 2705 1192 2758 φέρετε,
1221 2701 1400 2751 τούτους
1421 2698 1669 2756 ἀνευρόντες

304 2773 493 2825 συγχέειν
519 2774 741 2826 πειρᾶσθε
768 2768 941 2821 αύτούς,
976 2771 1046 2811 καὶ
1073 2769 1299 2825 γνώσεσθε
1324 2768 1421 2811 τότε
1453 2767 1537 2810 εἴτε
1569 2764 1667 2820 ὑμῖν
