1794 3282
91 220 209 250 XXlV
677 218 730 243 DE
755 217 962 243 HERODOTI

95 300 265 342 quattuor
292 295 466 329 librorum
496 304 538 327 ex
566 303 637 326 uno
665 291 806 325 eodem-

93 354 164 388 que
187 342 288 376 fonte
311 339 544 374 oriundorum
560 337 808 370 Medieeum

95 391 151 432 (=
166 387 219 432 M)
238 396 316 420 esse
329 383 544 429 principem,
563 382 663 415 cuius
677 381 808 425 prima-

93 433 169 467 riae
204 434 287 465 sunt
320 432 443 474 partes
476 427 514 460 in
549 424 810 460 constituendis

94 476 274 512 Herodoti
314 473 453 515 verbis,
499 470 730 515 comprobavi
773 469 810 502 in

94 521 227 557 Philol.
251 519 329 554 ΧΠ
350 519 417 552 201
441 528 494 560 sq.
524 517 561 550 X
580 517 646 550 710
668 515 726 548 XI
746 515 812 548 215

95 566 191 601 XXI
215 564 374 599 79—100
405 566 440 596 et
464 562 502 595 in
528 561 622 594 curis
647 559 811 594 Herodo-

95 613 164 646 teis
186 607 451 644 Lunaeb.1862
464 619 500 651 p.
516 606 638 640 1213.
673 605 732 639 De
746 606 814 638 hoc

97 657 245 702 quidem
295 651 608 699 praestantissimo
656 650 814 684 onmium

99 701 235 741 codiee,
253 711 275 734 a
290 710 348 733 me
366 697 469 732 annis
488 697 587 732 1856.
607 696 705 730 1857.
726 694 815 729 1864

102 756 269 788 excusso,
302 744 364 789 qui
393 743 560 788 signatur
587 740 814 775 Mediceus

98 792 265 838 primus
288 791 378 835 plut.
401 788 511 822 LXX
541 787 618 821 eod.
644 786 701 820 III
724 786 816 819 haee

102 836 247 882 scripsit
274 834 464 869 Bandinus
494 832 533 866 in
562 831 669 866 eat-al.
700 830 814 865 codic.

99 883 273 917 Laurent.
292 880 330 914 II
347 880 431 914 657:
466 880 580 913 Codex
601 877 816 911 membrana-

102 939 180 961 ceus
207 928 277 961 Ms.
307 927 342 959 in
370 925 444 959 Fol.
474 923 602 957 minori
628 923 759 956 saeculi
786 921 824 955 Χ

103 974 225 1017 optime
252 977 407 1005 servatus
430 981 505 1003 cum
533 969 659 1001 notulis
683 967 818 1011 quibus-

102 1020 182 1051 dam
198 1019 233 1050 in
251 1016 422 1059 maryine,
446 1026 505 1047 seu
528 1013 724 1047 summariis
742 1013 819 1045 cha-

103 1069 238 1096 ractere
260 1061 386 1094 minori
406 1061 465 1093 sed
480 1060 667 1103 quadrato,
698 1057 818 1090 nullis-

104 1120 167 1153 que
190 1106 383 1141 accentibus
406 1111 436 1138 et
458 1103 632 1148 spiritibus
655 1107 819 1135 instructo

104 1153 278 1193 e.raratis;
300 1151 390 1184 tituli
409 1161 487 1183 vero
511 1149 678 1182 librorum
701 1148 820 1180 uncia-

105 1200 192 1232 libus
209 1198 329 1232 litteris
346 1196 525 1239 aureisque
547 1202 625 1227 sunt
650 1192 819 1236 descripti.

106 1243 334 1278 correctiones
366 1242 534 1286 quaedam
563 1250 685 1272 manus
718 1238 821 1270 multo

105 1289 305 1323 recentioris
344 1291 530 1320 occurrunt
567 1286 602 1317 in
638 1283 822 1328 principio,

107 1346 194 1381 quae
211 1334 329 1367 deinde
346 1334 379 1365 in
392 1342 581 1376 proqressu
602 1331 690 1375 fiunt
711 1329 822 1361 rario-

107 1392 172 1414 τρε.
208 1384 341 1413 constat
358 1377 452 1420 foliis
469 1376 606 1419 scriptis
623 1374 700 1408 374.
743 1385 822 1406 con-

108 1428 189 1460 tinet
210 1425 262 1458 hic
285 1422 526 1457 vetustissimus
549 1421 652 1454 coden:
681 1425 711 1452 et
734 1419 827 1451 omni

109 1472 210 1505 laude
225 1472 337 1503 maior
350 1468 586 1501 Historiarum
601 1465 770 1499 Herodoti
785 1464 824 1497 li-

111 1519 189 1550 bros
206 1515 262 1550 IX
277 1514 410 1547 totidem
427 1513 611 1546 Musarum
634 1509 825 1543 nominibus

832 291 975 333 schyluS,
984 289 1189 332 Apollonius
1197 289 1347 323 Rhodius
1360 292 1548 334 verylichen

832 335 909 368 sind
925 335 977 367 die
993 333 1207 377 Schriftzu'ye
1222 346 1362 369 unseres
1374 337 1550 370 Medz'ceus

833 380 907 413 weit
917 383 1058 422 yro‘sser
1070 380 1171 412 sowie
1182 381 1344 414 sauberer
1356 383 1426 414 und
1431 383 1548 415 scha‘r—

835 424 908 466 fer;
931 424 1014 456 doch
1036 423 1079 456 ist
1101 424 1153 457 die
1174 435 1283 468 yanze
1298 427 1548 469 &breim-eise,

836 471 887 502 die
903 469 1037 502 Gestalt
1053 469 1113 501 der
1126 469 1350 513 Buchstaben,
1370 471 1551 505 besonders

836 515 888 547 die
895 514 1130 556 Bezeichnuny
1143 515 1201 546 der
1208 515 1445 559 Diphlhonyen
1458 523 1552 550 sonst

837 559 987 592 dieselbe.
1034 559 1140 591 Beide
1154 560 1302 601 yehoren
1324 562 1500 605 unstreitiq
1517 563 1552 595 in

838 604 979 637 dieselbe
995 604 1079 636 Zeit.
1119 604 1188 637 Die
1213 604 1478 648 Vorzz'c'ylz'chkeit
1494 608 1553 640 der

840 648 1067 691 Handschrift
1111 650 1276 682 erkannte
1319 652 1422 683 sehon
1467 653 1516 685 Ia
1524 664 1551 685 c.

842 695 875 729 G
882 707 900 727 r
910 706 927 727 o
937 706 1029 735 nov,
1048 694 1189 727 welcher
1207 695 1347 728 dieselbe
1361 695 1450 729 1675
1463 697 1556 730 einer

839 751 994 785 qenauen
1009 739 1250 783 Veryleichuny
1266 745 1470 784 unterzoyen
1487 742 1555 775 hat.

886 784 984 818 Hine
1016 795 1152 829 magna
1186 784 1340 819 debetur
1373 784 1557 820 Gronovio

841 830 938 874 laus,
969 829 1031 874 qui
1059 829 1351 864 membranarum
1373 830 1559 866 Medicea·

841 887 920 909 rum
942 873 1052 908 fidem
1077 877 1113 908 et
1135 875 1387 910 auctoritatem
1410 877 1556 921 plurimi

844 931 921 955 esse
940 920 1202 954 aestimandam
1217 920 1354 965 primus
1367 921 1558 965 intellexit,

844 975 1051 1010 quanquam
1073 965 1345 999 eoncedendum
1374 970 1428 1000 est
1455 968 1558 1001 nimi-

844 1022 903 1044 am
921 1010 1056 1044 codicis
1073 1011 1343 1044 venerationem
1361 1011 1461 1045 haud
1478 1024 1561 1047 raro

845 1055 1048 1100 abripuisse
1072 1055 1293 1089 Gronovium
1315 1059 1355 1089 ut
1371 1057 1430 1090 vel
1445 1057 1560 1091 mani-

846 1100 1059 1134 festissimos
1073 1100 1211 1134 librarii
1230 1111 1366 1135 errores
1385 1112 1562 1147 saepenu-

846 1156 944 1180 mero
973 1156 1039 1190 pro
1074 1145 1234 1190 genuina
1262 1146 1440 1181 Herodoti
1475 1148 1561 1181 scri-

847 1195 953 1236 ptura
967 1191 1154 1235 arriperet.
1173 1190 1390 1235 Prudenter,
1403 1196 1444 1226 ut
1457 1193 1562 1236 solet,

846 1237 916 1270 hae
940 1236 984 1270 de
1008 1237 1144 1280 stupida
1166 1237 1314 1270 Bledicei
1339 1240 1562 1281 veneratione,

849 1293 957 1326 quam
1015 1285 1143 1326 postea
1197 1280 1564 1327 Schweighaeuser-us

850 1327 1033 1362 Gronovio
1055 1326 1267 1371 imputavit,
1292 1327 1563 1374 VVesselingius

848 1373 886 1406 in
904 1372 1086 1406 dissertat.
1101 1371 1238 1406 Herod.
1253 1372 1310 1406 IX
1324 1373 1385 1406 91:
1406 1374 1564 1408 Celebra-

850 1419 980 1451 tissima
997 1419 1067 1452 MS
1083 1418 1275 1451 Florentini
1291 1419 1333 1460 (i.
1352 1430 1378 1452 e.
1397 1419 1564 1464 Medicei)

850 1470 897 1497 est
920 1463 1035 1505 fama:
1069 1464 1206 1505 unicus,
1236 1464 1385 1497 omnium
1409 1466 1565 1508 optimus,

851 1509 1116 1553 antiquissimus,
1136 1509 1191 1541 cui
1202 1509 1284 1542 nihil
1292 1520 1361 1552 par
1375 1517 1434 1543 aut
1446 1522 1566 1544 secun-

110 1562 303 1605 inscriptos.
852 1555 947 1596 dum,
971 1559 1002 1587 et
1024 1565 1064 1586 ex
1086 1564 1151 1597 quo
1174 1555 1251 1586 sola
1269 1555 1465 1588 Herodotea
1485 1567 1566 1589 sua-

157 1606 273 1647 Quem
296 1603 428 1638 librum
457 1613 538 1636 cum
566 1600 702 1645 primus
731 1598 827 1643 quod
854 1600 938 1632 citas
961 1605 990 1632 et
1008 1599 1177 1642 eleyantia
1200 1599 1235 1631 in
1253 1599 1421 1643 inteqrum
1438 1602 1570 1635 restitui

111 1653 223 1687 seiam
239 1652 321 1696 post
336 1647 558 1683 Gronovium
572 1645 691 1691 (1675)
706 1644 825 1688 inspe-
850 1645 970 1689 possit,
987 1644 1119 1676 habitus
1137 1644 1164 1676 is
1181 1644 1265 1677 liber
1284 1651 1342 1677 est.
1381 1646 1455 1679 Iac.
1477 1646 1566 1680 Gro-

110 1697 241 1739 xerim,
279 1698 446 1740 repetere
478 1692 578 1726 iuvat
611 1689 827 1725 sententiam
853 1690 984 1731 norim,
1003 1690 1053 1722 vir
1067 1689 1314 1731 celeberrimus,
1329 1701 1424 1734 quem
1440 1692 1569 1725 iuvenis

113 1754 221 1788 quam
234 1741 314 1786 ipse
328 1740 372 1774 de
387 1737 556 1772 Mediceo
573 1736 667 1770 libro
680 1733 829 1780 exposui
854 1737 1026 1769 docentem
1055 1735 1171 1767 audivi
1197 1746 1239 1768 ac
1269 1736 1459 1769 admiratus
1483 1748 1569 1779 sum,

112 1790 150 1823 iu
175 1786 306 1821 Philol.
332 1785 389 1818 XI
410 1784 495 1818 203:
532 1783 582 1816 Es
601 1783 720 1826 yehort
742 1781 830 1813 diese
855 1792 929 1814 eum
962 1780 1215 1823 dilzyentissme
1243 1782 1389 1814 versavit
1418 1788 1448 1815 et
1478 1794 1568 1816 com-

113 1828 534 1877 Peryamenthandschrift
560 1840 601 1860 zu
626 1828 686 1860 der
709 1827 829 1859 schon-
854 1827 961 1870 plura
983 1825 1058 1858 inde
1083 1825 1177 1858 bonis
1199 1826 1317 1858 avibus
1335 1827 1487 1869 pristina
1510 1829 1570 1861 do-

114 1887 187 1913 sten
216 1878 286 1911 und
318 1878 459 1909 altesten
492 1875 551 1906 der
580 1871 829 1906 Laurentiana.
856 1871 948 1904 navit
965 1871 1147 1903 suavitate:
1171 1871 1219 1903 ita
1237 1876 1348 1904 tamen
1371 1873 1442 1905 eius
1462 1875 1570 1906 excel-

114 1925 183 1960 Die
205 1935 251 1957 an
280 1918 528 1962 Unzialschrz‘ft
551 1917 600 1960 oft
626 1915 829 1958 anstreifen-
857 1917 960 1950 [entia
983 1915 1158 1959 abreptus,
1188 1922 1239 1957 ut,
1270 1917 1361 1960 quod
1383 1917 1453 1961 ipse
1476 1919 1569 1961 alibi,

116 1972 180 2004 den
204 1966 417 2010 Schriftzz'lye
439 1965 517 1997 sind
534 1974 635 2007 yross
664 1962 735 1995 und
756 1961 832 1994 sehr
857 1961 930 2003 fere
951 1962 1055 1994 nimio
1076 1961 1186 1993 studio
1210 1961 1245 1993 in
1267 1962 1441 1996 Illediceas
1469 1974 1570 1996 mem-

116 2015 270 2055 deutlich,
288 2011 493 2055 wennyleich
509 2010 571 2042 das
584 2009 694 2041 Lesen
707 2006 758 2048 oft
772 2007 831 2039 da-
860 2008 987 2040 branas
1004 2006 1167 2039 abductus
1184 2007 1252 2039 dici
1265 2013 1376 2050 queat.
1409 2020 1478 2041 non
1494 2010 1577 2042 mihi

117 2061 222 2094 durch
239 2058 417 2092 erschwert
433 2056 529 2096 wir-d,
548 2055 628 2087 dass
645 2054 696 2086 die
711 2052 832 2086 Hand·
859 2051 1037 2085 consilium
1055 2057 1112 2093 est,
1138 2052 1177 2084 de
1188 2053 1405 2094 praestantia
1428 2055 1498 2087 eius
1516 2065 1572 2087 co-

119 2104 239 2147 schrift
269 2104 352 2136 ohne
380 2102 449 2134 alle
477 2098 738 2143 Interpunction
765 2097 836 2129 und
859 2097 1135 2141 dz'cisquidquam
1149 2097 1339 2130 detrahere:
1353 2099 1467 2132 multis
1479 2110 1572 2143 eyre-

119 2152 266 2185 Absatze
282 2146 567 2192 sbi-tyeschrieben
589 2145 632 2177 ist
654 2144 725 2176 und
740 2153 834 2176 zwar
858 2143 951 2187 qiam
975 2152 1114 2186 operam
1138 2143 1326 2185 praestitit,
1360 2145 1466 2177 lucem
1497 2145 1576 2178 aliis

119 2209 175 2238 so,
209 2196 291 2228 dass
319 2194 394 2225 sehr
421 2192 539 2236 hc'iufisl
567 2190 620 2223 die
643 2189 836 2231 Endunyen
862 2187 1045 2231 adspersit,
1070 2188 1238 2220 nonnulla
1262 2188 1296 2220 in
1313 2189 1499 2231 desperatis
1515 2190 1575 2223 ha-

121 2243 202 2275 oder
215 2237 498 2273 Endbuchstaben
511 2236 601 2269 eines
614 2234 748 2267 IVortes
760 2243 835 2265 zum
864 2233 943 2274 bita,
960 2233 1070 2265 salute
1086 2232 1219 2265 reddita
1229 2231 1425 2274 felicissime
1438 2235 1574 2268 adiuvit.

121 2286 303 2330 folgenden
326 2282 443 2317 Warte
463 2292 610 2325 §6209er
632 2279 719 2312 sind.
767 2278 836 2311 Ab·
863 2289 976 2310 omnes
994 2283 1105 2310 tamen
1122 2277 1185 2309 uni
1193 2283 1416 2321 postponere,
1441 2286 1477 2312 ut
1500 2286 1575 2313 tan-

121 2334 321 2373 karzunyen
343 2329 399 2361 hat
416 2327 468 2360 die
485 2323 715 2366 Handschrift
737 2323 836 2364 nicht,
864 2334 965 2368 quam
997 2322 1139 2355 umbrae
1169 2322 1306 2356 volitent
1343 2325 1497 2369 nullique
1528 2326 1582 2358 rei

123 2378 172 2411 sel
177 2377 225 2410 bst
241 2375 330 2408 nicht
346 2374 382 2406 in
398 2373 462 2405 den
474 2371 665 2414 Endunyen
674 2382 687 2411 ;
703 2369 838 2402 ebenso-
864 2373 951 2408 sunt,
965 2367 1077 2401 nescio
1091 2367 1172 2411 quid
1183 2367 1304 2400 dicam.
1331 2369 1397 2401 imo
1411 2381 1490 2402 vero
1504 2371 1575 2414 opi-

123 2422 232 2465 weniy
242 2420 347 2466 findet
358 2418 429 2451 sich
439 2417 510 2450 iota
521 2415 747 2459 subscriptum
760 2419 840 2446 stat!
865 2425 929 2446 nor
947 2413 1000 2446 vix
1023 2413 1130 2445 ullum
1141 2414 1283 2456 priscae
1304 2415 1477 2447 vetustatis
1491 2417 1577 2448 scri-

125 2469 181 2502 des
196 2463 459 2510 reyelmc‘issiyen
472 2461 670 2505 ascriptum.
726 2459 777 2493 VJ
797 2457 841 2491 23
861 2464 995 2502 plorem
1012 2458 1100 2499 dari,
1119 2458 1178 2502 qui
1192 2458 1227 2490 in
1241 2464 1338 2492 tanta
1351 2471 1464 2492 rerum
1481 2461 1578 2494 vicis-

129 2513 262 2556 beyinnt
290 2511 363 2544 eine
390 2508 517 2541 andere
545 2506 670 2547 Hand,
699 2504 752 2537 die
779 2504 841 2536 das
865 2503 1009 2536 situdine
1022 2508 1052 2536 et
1064 2504 1581 2547 totcorruptelaeoccasionibus

130 2560 251 2592 Ganze
274 2554 455 2594 vollendet‚
478 2553 514 2586 in
536 2557 639 2585 etwas
660 2551 840 2590 kleinerer‚
868 2559 1015 2582 unarum
1038 2559 1100 2592 ope
1121 2549 1321 2582 schedarum
1343 2551 1440 2594 refici
1459 2552 1580 2594 possit,

129 2602 304 2636 :ierlicher
321 2598 468 2641 Schrift,
492 2598 544 2631 die
568 2597 650 2630 aber
672 2596 761 2628 nicht
778 2605 841 2628 we-
868 2595 925 2627 sed
947 2594 1096 2627 aliorum
1114 2595 1311 2637 patrocinio
1334 2600 1435 2638 atque
1463 2596 1586 2628 auxilii

130 2649 226 2691 niyer
243 2645 385 2679 deutlich
406 2645 449 2677 ist
471 2644 524 2676 als
547 2643 599 2675 die
620 2647 708 2674 erste
725 2640 841 2674 Hand.
869 2650 1038 2673 concursu
1064 2639 1224 2682 indiyere.
1272 2638 1324 2674 Ut
1350 2649 1427 2672 rem
1455 2639 1585 2684 paucis

131 2689 445 2727 DieSchreibweise
458 2689 499 2721 ist
511 2687 661 2721 dieselbe.
691 2686 757 2720 Mit
771 2686 844 2718 dem
869 2683 1191 2728 comprehendam,
1214 2686 1336 2717 manet
1357 2683 1524 2719 Medieeo
1546 2685 1584 2719 in

131 2736 390 2773 Laurentianus
411 2735 444 2768 A
467 2734 524 2767 des
547 2733 746 2776 Sophocles,
777 2731 842 2764 Ae·
869 2728 1047 2763 Herodoti
1078 2728 1198 2763 verbis
1227 2727 1488 2764 constituendis
1518 2741 1587 2764 sua
