1794 3282
254 1018 301 1043 181

260 2494 308 2519 182

322 256 406 297 310
695 260 1011 295 ΗΡΟΔΟΤΟΥ
1041 260 1083 294 Δ.
1110 259 1299 294 180—182.

324 335 591 386 κοσμέεσθαι
624 327 777 380 αὐτάς·
817 326 906 371 ἀπὸ
938 327 1017 385 γὰρ
1053 327 1274 384 Αἰγύπτου
1306 329 1377 370 καὶ
1406 326 1478 383 τὴν
1513 325 1682 370 ἀσπίδα

322 402 393 441 καὶ
422 398 471 441 τὸ
503 397 656 454 κράνος
688 397 800 453 φημὶ
837 393 1031 449 ἀπῖχθαι
1063 395 1105 446 ἐς
1134 394 1234 445 τοὺς
1255 392 1469 451 Ἕλληνας.
1527 394 1602 451 τὴν
1635 394 1682 437 δὲ

318 465 544 521 Ἀθηναίην
570 466 681 521 φασὶ
700 464 994 514 Ποσειδέωνος
1021 461 1130 506 εἶναι
1149 466 1372 518 θυγατέρα
1395 465 1466 504 καὶ
1485 466 1560 518 τῆς
1585 468 1683 517 Τρι-

321 533 500 583 τωνίδος
524 533 688 588 λίμνης,
717 535 789 574 καί
811 548 883 586 μιν
908 530 1191 587 μεμφθεῖσάν
1216 547 1259 572 τι
1283 533 1344 585 τῷ
1371 531 1506 586 πατρὶ
1532 531 1682 572 δοῦναι

323 598 481 655 ἑωυτὴν
506 603 566 655 τῷ
592 603 682 650 Διί,
716 598 789 642 τὸν
816 599 861 641 δὲ
887 602 971 641 Δία
997 597 1157 640 ἑωυτοῦ
1189 614 1262 651 μιν
1292 596 1575 653 ποιήσασθαι
1600 601 1684 639 θυ-

321 670 492 723 γατέρα.
529 671 666 709 ταῦτα
689 667 766 721 μὲν
785 667 969 722 λέγουσι,
996 666 1112 719 μῖξιν
1133 665 1179 707 δὲ
1199 664 1415 707 ἐπίκοινον
1434 668 1518 706 τῶν
1538 680 1679 720 γυναι-

323 739 406 777 κιῦν
432 737 668 786 ποιεῦνται,
698 731 796 776 οὔτε
817 736 1106 783 συνοικέοντες
1125 731 1330 788 κτηνηδόν
1348 748 1393 774 τε
1412 731 1682 787 μισγόμενοι.

324 801 454 845 ἐπεὰν
482 802 527 844 δὲ
550 803 715 857 γυναικὶ
735 800 785 844 τὸ
806 801 984 844 παιδίον
1005 798 1135 855 ἁδρὸν
1154 803 1339 855 γένηται,
1368 802 1685 855 συμφοιτέουσι

325 870 366 921 ές
396 867 534 913 τώυτὸ
569 868 610 911 οἱ
647 866 796 924 ἄνδρες
826 873 971 923 τρίτου
1008 867 1158 923 μηνός,
1198 868 1270 908 καὶ
1298 870 1359 922 τῷ
1392 863 1442 909 ἂν
1475 865 1569 923 οἴκῃ
1600 870 1683 908 τίῦν

326 935 491 994 ἀνδρῶν
516 935 565 979 τὸ
593 936 781 987 παιδίον,
810 936 963 978 τούτου
991 943 1098 985 παῖς
1122 934 1352 987 νομίζεται.

415 998 542 1047 Οῦτοι
571 1004 647 1057 μὲν
679 1003 720 1046 οἱ
757 1002 1123 1058 παραθαλάσσιοι
1157 1005 1243 1044 τῶν
1279 1002 1479 1056 νομάδων
1509 1001 1685 1056 Λιβύων

325 1072 532 1127 εἰρέαται,
573 1068 679 1125 ῦπὲρ
705 1071 751 1113 δὲ
775 1071 938 1112 τούτων
965 1069 1007 1120 ἐς
1030 1069 1267 1124 μεσόγαιαν
1294 1067 1316 1125 ἡ
1343 1069 1568 1125 θηριώδης
1594 1068 1685 1112 ἐστὶ

323 1139 484 1194 Λιβύη,
520 1137 626 1195 ὑπὲρ
660 1139 705 1180 δὲ
735 1142 810 1194 τῆς
838 1137 1082 1193 θηριώδεος
1113 1134 1253 1192 ὀφρύη
1282 1136 1466 1191 ψάμμης
1497 1136 1681 1191 κατήκει,

324 1209 647 1262 παρατείνουσα
673 1203 762 1247 ἀπὸ
786 1208 955 1261 Θηβέων
974 1208 1058 1246 τῶν
1077 1202 1351 1259 Αἰγυπτιέων
1378 1201 1443 1245 ἐπ’
1457 1201 1683 1260 Ἡρακλέας

327 1271 496 1329 στήλας.
559 1272 599 1315 έν
633 1272 678 1314 δὲ
707 1276 758 1328 τῇ
792 1270 932 1328 ὀφρύῃ
964 1271 1095 1326 ταύτῃ
1128 1271 1318 1324 μάλιστα
1350 1269 1422 1313 διὰ
1456 1270 1555 1312 δέκα
1580 1268 1685 1326 ἥμε-

325 1340 431 1396 ρέων
458 1338 561 1382 ὁδοῦ
589 1337 691 1389 ἁλὸς
717 1338 808 1381 ἔστι
833 1339 999 1394 τρύφεα
1029 1326 1137 1379 κατὰ
1168 1338 1374 1393 χόνδρους
1403 1337 1616 1392 μεγάλους
1642 1336 1684 1379 ἐν

324 1409 562 1457 κολωνοῖσι,
591 1408 660 1448 καὶ
687 1405 728 1448 ἓν
754 1409 968 1461 κορυφῇσι
994 1403 1172 1446 ἑκάστου
1199 1409 1274 1447 τοῦ
1300 1406 1488 1446 κολωνοῦ
1510 1402 1686 1446 ἀνακον-

325 1475 431 1525 τίζει
457 1473 500 1515 ἐκ
523 1476 656 1527 μέσου
683 1477 759 1515 τοῦ
786 1470 888 1522 ἁλὸς
916 1469 1029 1528 ὕδωρ
1056 1471 1221 1526 ψυχρὸν
1245 1473 1315 1514 καὶ
1341 1471 1482 1526 γλυκύ,
1510 1472 1612 1527 περὶ
1638 1471 1684 1514 δὲ

327 1539 431 1584 αὐτὸ
465 1538 699 1596 ἄνθρωποι
732 1539 919 1582 οἰκέουσι
953 1538 1126 1591 ἔσχατοι
1163 1538 1275 1594 πρὸς
1310 1543 1385 1594 τῆς
1417 1538 1574 1595 ἐρήμου
1612 1540 1684 1580 καὶ

326 1607 435 1663 ὑπὲρ
461 1612 534 1665 τῆς
560 1607 823 1663 θηριώδεος,
858 1610 1027 1661 πρῶτοι
1057 1606 1133 1659 μὲν
1160 1603 1248 1649 ἀπὸ
1278 1609 1446 1662 Θηβέων
1480 1604 1553 1648 διὰ
1585 1604 1686 1648 δέκα

325 1674 515 1732 ἡμερέων
548 1672 650 1717 ὁδοῦ
678 1671 928 1727 Σίλιιμιύνιοι,
969 1673 1132 1726 ἔχοντες
1163 1672 1211 1716 τὸ
1247 1672 1336 1730 ἱρὸν
1369 1671 1458 1716 άπὸ
1495 1677 1572 1716 τοῦ
1605 1678 1682 1729 Θη-

324 1746 472 1797 βαιέος
504 1742 627 1792 Διός·
665 1743 737 1783 καὶ
772 1740 852 1796 γὰρ
894 1739 943 1783 τὸ
983 1740 1024 1783 ἐν
1057 1741 1237 1797 Θήβῃσι,
1278 1738 1337 1791 (ὃς
1372 1743 1443 1783 καὶ
1474 1740 1686 1796 πρότερον

326 1811 493 1867 εἴρηταί
516 1826 604 1863 μοι,
632 1808 969 1864 κριοπρόσωπον
994 1812 1070 1850 τοῦ
1092 1807 1196 1858 Διὸς
1220 1806 1426 1863 τῶγαλμα
1447 1807 1551 1851 ἐστι.
1587 1825 1687 1864 τυγ-

324 1878 443 1930 χάνει
481 1877 526 1919 δὲ
557 1878 627 1918 καὶ
659 1874 762 1918 ἄλλο
800 1891 881 1932 σφι
913 1873 1026 1930 ὕδωρ
1064 1884 1260 1931 κρηναῖον
1300 1875 1386 1926 ἐόν,
1426 1874 1475 1918 τὸ
1506 1874 1580 1919 τὸν
1609 1876 1686 1930 μὲν

328 1941 491 1998 ὄρθρον
522 1947 683 1998 γίνεται
711 1943 898 1999 χλιαρόν,
933 1940 1091 1999 ἀγορῆς
1123 1943 1169 1985 δὲ
1199 1942 1484 1999 πληθυούσης
1521 1943 1686 2000 ψυχρό-

327 2023 468 2065 τερον·
505 2013 749 2065 μεσαμβρίη
775 2012 822 2050 τέ
847 2008 938 2051 ἐστι
963 2011 1035 2051 καὶ
1064 2008 1113 2051 τὸ
1146 2009 1280 2064 κάρτα
1311 2012 1473 2063 γίνεται
1498 2011 1684 2066 ψυχρόν·

328 2080 558 2132 τηνικαῦτα
584 2077 629 2118 δὲ
655 2074 837 2130 ἄρδουσι
861 2074 959 2126 τοὺς
979 2076 1161 2131 κη’πους·
1189 2073 1526 2131 ἀποκλινομένης
1547 2077 1592 2120 δὲ
1611 2081 1685 2133 τῆς

327 2142 486 2200 ἡμέρης
519 2141 691 2185 ὑπίεται
722 2147 797 2185 τοῦ
831 2147 1017 2198 ψυχροῦ,
1053 2142 1095 2193 ἐς
1121 2142 1142 2185 ὃ
1172 2143 1321 2184 δύεταί
1350 2158 1395 2184 τε
1422 2140 1443 2184 ὃ
1470 2140 1590 2198 ἥλιος
1614 2146 1685 2186 καὶ

328 2210 377 2252 τὸ
407 2207 519 2265 ὕδωρ
545 2213 706 2264 γίνεται
729 2210 924 2265 χλιαρόν·
952 2209 1023 2252 ἐπὶ
1053 2211 1098 2252 δὲ
1122 2211 1283 2263 μᾶλλον
1306 2208 1369 2251 ἰὸν
1391 2208 1433 2259 ἒς
1452 2208 1500 2252 τὸ
1521 2209 1686 2265 θερμὸν

331 2277 372 2328 ἐς
396 2276 531 2331 μέσας
562 2277 712 2327 νύκτας
737 2277 931 2328 πελάζει,
965 2281 1197 2333 τηνικαῦτα
1230 2277 1274 2318 δὲ
1301 2276 1383 2328 ζέει
1416 2274 1685 2333 ἀμβολάδην·

330 2347 617 2401 παρέρχονταί
646 2361 692 2386 τε
721 2347 851 2397 μέσαι
882 2344 1027 2394 νύκτες
1058 2346 1128 2386 καὶ
1161 2344 1346 2399 ψύχεται
1381 2347 1504 2401 μέχρι
1536 2343 1578 2394 ές
1609 2342 1685 2400 ἧιῦ.

331 2412 553 2468 ἐπίκλησιν
580 2412 624 2454 δὲ
651 2408 755 2467 αῦτη
784 2408 805 2467 ἦ
833 2412 959 2467 κρήνη
986 2413 1184 2454 καλέεται
1210 2409 1345 2467 ἡλίου.

416 2478 535 2522 Μετὰ
563 2479 607 2521 δὲ
628 2477 901 2532 Ημμωνίους,
931 2477 1003 2521 διὰ
1028 2483 1103 2534 τῆς
1129 2477 1294 2536 ὀφρύης
1318 2483 1394 2534 τῆς
1420 2478 1603 2533 ψάμμου
1632 2476 1685 2521 δι’

333 2545 471 2590 ἄλλων
497 2547 597 2589 δέκα
624 2545 810 2602 ἡμερέων
837 2544 958 2596 ὁδοῦ,
992 2547 1179 2597 κολωνός
1210 2563 1255 2589 τε
1282 2544 1386 2596 ἁλός
1412 2545 1504 2588 ἔστι
1536 2544 1687 2599 ὁμοῖος

331 2619 391 2671 τῷ
414 2612 633 2669 Ξίμμωιίἰμ
661 2615 731 2656 καὶ
756 2610 890 2668 ὕδωρ,
923 2615 994 2655 καὶ
1022 2610 1257 2669 ἅνθρωποι
1287 2614 1389 2668 περὶ
1421 2611 1551 2656 αὐτὸν
1577 2612 1688 2655 οἰκέ-

335 2694 450 2725 ουσι·
477 2686 536 2737 τῷ
563 2682 608 2724 δὲ
630 2680 757 2738 χώρῳ
783 2681 922 2735 τούτῳ
950 2677 1113 2734 οὕνομα
1132 2678 1299 2736 Αὕγιλά
1326 2680 1429 2724 ἐστι.
1469 2680 1511 2732 ἒς
1535 2684 1687 2723 τοῦτον

333 2749 406 2792 τὸν
446 2753 585 2807 χιῦρον
629 2748 670 2792 οἱ
711 2752 978 2803 Νασαμῶνες
1021 2745 1306 2804 ὀπωριεῦντες
1347 2747 1448 2800 τοὺς
1490 2751 1687 2798 φοίνικας
