1794 3282
490 225 806 260 ΗΡΟΔΟΤΟΥ
837 226 878 260 Β.
906 225 1097 260 151—154.
1400 213 1482 255 163

115 293 463 351 ἀναμνησθέντες
488 299 565 337 τοῦ
590 298 784 352 χρησμοῦ
815 303 977 337 κτεῖναι
1007 295 1083 348 μὲν
1117 291 1190 336 οὗκ
1223 293 1480 336 ἐδικαίωσαν

120 362 406 417 Ψαμμήτιχον,
429 360 488 413 (ὃς
503 361 752 416 ἀνεύρισκον
766 362 1069 416 βασανίζοντες
1089 361 1134 414 ἐξ
1148 359 1351 417 οὐδεμιῆς
1372 376 1482 417 προ-

114 433 232 486 νοίης
258 427 388 472 αὐτὸν
414 430 678 486 ποιήσαντα,
715 429 757 481 ἐς
783 431 829 472 δὲ
854 429 908 472 τὰ
936 429 1033 472 ἕλεα
1060 429 1181 482 ἔδοξέ
1213 445 1294 486 σφι
1327 429 1483 480 διῶξαι

115 498 400 553 ψιλώσαντας
430 496 484 540 τὰ
516 499 703 541 πλεῖστα
732 502 807 553 τῆς
840 498 1062 551 δυνάμιος,
1098 497 1141 540 ἐκ
1174 498 1219 540 δὲ
1243 501 1329 540 τῶν
1355 495 1483 538 ἑλέων

117 563 379 620 ὃρμεόμενον
404 566 461 622 μὴ
489 565 808 621 ἐπιμίσγεσθαι
833 570 884 622 τῇ
919 563 1023 622 ἄλλῃ
1049 565 1276 620 Αἰγύπτῳ.
1337 564 1411 607 τὸν
1438 564 1484 606 δὲ

123 633 398 689 Ψαμμήτιχον
423 638 574 676 τοῦτον
600 633 812 689 πρότερον
838 633 1052 690 φεύγοντα
1076 632 1151 676 τὸν
1170 633 1379 676 Αἰθίοπα
1397 639 1485 676 Σα-

116 701 274 756 βακων,
311 698 359 751 ὅς
386 701 427 743 οἱ
451 701 524 744 τὸν
550 705 719 757 πατέρα
744 700 892 743 Νεκιὺν
925 699 1166 752 ἀπέκτεινε,
1199 705 1352 743 τοῦτον
1378 700 1485 755 φεύ-

118 785 248 824 γοντα
277 769 377 811 τότε
409 768 451 819 ἒς
474 773 644 825 Συρίην,
680 766 738 819 ὡς
770 766 1033 824 ἀπηλλάχθη
1067 768 1109 810 ἐκ
1139 773 1214 824 τῆς
1246 765 1378 822 ὄψιος
1408 771 1484 810 τοῦ

120 834 286 893 ὀνείρου
309 833 538 891 ὃΑἰθίοψ,
566 836 802 890 κατήγαγον
814 836 1068 890 Αἰγυπτίων
1088 829 1207 878 οὗτοι
1228 838 1271 877 οἳ
1290 835 1334 877 ἐκ
1352 838 1484 888 νομοῦ

116 908 194 946 τοῦ
220 903 389 946 Σαΐτεω
417 903 514 946 εἶσι.
553 902 662 956 μετὰ
689 903 735 944 δὲ
763 904 1052 956 βασιλεύοντα
1075 901 1125 945 τὸ
1154 902 1352 957 δεύτερον
1372 900 1484 957 πρὸς

116 975 203 1014 τῶν
236 971 383 1013 ἕνδεκα
412 972 627 1024 βασιλέων
658 970 981 1024 καταλαμβάνει
1011 987 1084 1023 μιν
1124 968 1197 1011 διὰ
1227 967 1302 1024 τὴν
1338 972 1485 1024 κυνέην

118 1039 291 1095 φεύγειν
318 1037 360 1089 ἐς
385 1037 438 1080 τὰ
465 1037 575 1080 ἕλεα.
638 1037 927 1091 ἐπιστάμενος
954 1031 1012 1079 ὦν
1039 1035 1098 1087 (ὃς
1124 1039 1486 1093 περιυβρισμένος

117 1106 181 1162 εἴη
209 1105 321 1163 πρὸς
349 1104 501 1157 αὐτῶν,
531 1105 705 1148 ἐπενόεε
726 1109 943 1147 τίσασθαι
961 1103 1062 1155 τοὺς
1083 1105 1334 1155 διώξαντας.
1373 1107 1486 1158 πέμ-

115 1181 251 1229 ψαντι
267 1174 313 1216 δέ
334 1173 375 1216 οἱ
395 1173 437 1224 ἒς
449 1178 642 1216 Βουτοῦν
662 1174 792 1216 πόλιν
814 1172 856 1224 ἒς
875 1172 924 1216 τὸ
936 1172 1193 1229 χρηστήριον
1213 1175 1288 1227 τῆς
1300 1175 1483 1228 Λητοῦς,

117 1241 226 1284 ἔνθα
252 1240 301 1297 δὴ
327 1241 616 1297 Αἰγυπτίοισί
642 1241 734 1284 ε’στι
764 1241 970 1296 μαντήιον
1001 1238 1340 1296 ἀψευδέστατον,
1374 1233 1487 1294 ἦλθε

115 1308 306 1366 χρησμὸς
338 1307 396 1360 (ὃς
427 1315 540 1360 τίσις
579 1306 668 1364 ἥξει
701 1306 790 1351 ἀπὸ
828 1309 1060 1365 θαλάσσης
1093 1309 1283 1361 χαλκέων
1321 1304 1486 1363 ἀνδρῶν

118 1377 428 1433 ἐπιφανέντων.
488 1379 559 1419 καὶ
584 1381 644 1433 τῷ
670 1377 746 1430 μὲν
773 1375 823 1432 δὴ
851 1374 1030 1432 ἀπιστίη
1057 1376 1218 1432 μεγάλη
1251 1373 1484 1427 ὑπεκέχυτο

114 1447 319 1498 χαλκέους
340 1445 382 1488 οἱ
402 1443 560 1501 ἄνδρας
579 1442 692 1501 ἥξειν
713 1443 989 1500 ἐπικούρους·
1015 1444 1167 1500 χρόνου
1191 1443 1236 1486 δὲ
1251 1440 1299 1485 οὗ
1320 1444 1484 1485 πολλοῦ

119 1513 372 1564 διελθόντος
393 1511 596 1568 ἀναγκαίη
617 1514 824 1566 κατέλαβε
842 1510 990 1562 Ἴωνάς
1007 1528 1052 1554 τε
1073 1513 1143 1553 καὶ
1162 1515 1309 1567 Κᾶρας
1329 1508 1486 1563 ἄνδρας

118 1579 226 1622 κατὰ
252 1582 374 1637 ληίην
402 1580 708 1631 ἐκπλώσαντας
734 1578 1046 1635 ἀπενειχθῆναι
1078 1579 1120 1629 ἐς
1144 1579 1381 1633 Αἴγυπτον,
1417 1577 1483 1619 ἕκ-

117 1648 277 1703 βάντας
304 1649 349 1690 δὲ
376 1648 417 1699 ἒς
442 1652 515 1704 γῆν
535 1649 606 1689 καὶ
626 1645 919 1697 ὁπλισθέντας
936 1649 1079 1702 χαλκῷ
1102 1644 1294 1702 ἀγγέλλει
1311 1649 1397 1687 τῶν
1417 1661 1484 1694 τις

124 1716 372 1770 Αἰγυπτίων
399 1715 440 1766 ἐς
465 1714 518 1758 τὰ
540 1715 636 1757 ἕλεα
658 1713 920 1769 ἀπικόμενος
939 1719 1000 1770 τῷ
1028 1717 1300 1770 Ψαμμητίχῳ,
1330 1710 1389 1762 ὦς
1410 1710 1486 1754 οὐκ

122 1783 224 1826 ἰδὼν
256 1785 467 1840 πρότερον
496 1785 639 1838 χαλκῷ
678 1781 836 1839 ἄνδρας
869 1780 1181 1832 ὁπλισθέντας,
1221 1779 1280 1832 ὥς
1312 1780 1488 1834 χάλκεοι

121 1849 271 1907 ἄνδρες
297 1850 529 1907 ἀπιγμένοι
555 1849 645 1893 ἀπὸ
673 1851 902 1905 θαλάσσης
934 1851 1213 1905 λεηλατέουσι
1244 1847 1292 1891 τὸ
1319 1848 1485 1891 πεδίον.

121 1917 142 1961 ὁ
172 1920 217 1961 δὲ
241 1919 402 1973 μαθων
432 1918 481 1962 τὸ
512 1918 769 1975 χρηστήριον
802 1917 1127 1971 ἐπιτελεόμενον
1160 1918 1268 1973 φίλα
1298 1932 1344 1958 τε
1369 1923 1488 1958 τοῖσι

111 1984 228 2029 Ἴωσι
258 1989 328 2029 καὶ
361 1989 502 2043 Καρσὶ
533 1989 749 2036 ποιέεται,
789 1990 862 2028 καί
893 2001 1031 2042 σφεας
1061 1985 1226 2040 μεγάλα
1258 1980 1489 2036 ὑπισχνεό-

120 2071 247 2108 μενος
272 2059 426 2098 πείθει
451 2053 539 2108 μετ’
560 2054 721 2096 ἑωυτοῦ
746 2057 963 2109 γενέσθαι.
1026 2050 1085 2103 ὠς
1111 2053 1157 2095 δὲ
1183 2051 1343 2103 ἔπεισε,
1374 2047 1486 2093 οὕτω

122 2119 212 2177 ἅμα
248 2131 363 2166 τοῖσι
397 2121 508 2178 [μετ’
539 2121 724 2179 ἑωυτοῦ]
762 2123 1066 2177 βουλομένοισι
1096 2120 1382 2176 Αἰγυπτίοισι
1417 2120 1488 2160 καὶ

121 2199 237 2234 τοῖσι
265 2190 537 2246 ἐπικούροισι
561 2194 778 2247 καταιρέει
802 2189 903 2240 τοὺς
926 2190 1145 2244 βασιλέας.
1196 2187 1412 2242 κρατήσας
1438 2187 1484 2228 δὲ

122 2258 348 2313 Αἰγύπτου
387 2260 533 2314 πάσης
572 2256 594 2300 ὃ
639 2258 912 2314 Ψαμμήτιχος
950 2256 1128 2311 ἐποίησε
1172 2259 1232 2310 τῷ
1265 2253 1487 2310 Ἡφαίστῳ

124 2326 380 2381 προπύλαια
406 2325 447 2368 ἒν
473 2325 626 2382 Μέμφι
650 2325 705 2368 τὰ
730 2324 842 2382 πρὸς
867 2325 991 2367 νότον
1018 2321 1172 2377 ἄνεμον
1204 2320 1487 2378 τετραμμένα,

124 2390 257 2449 αὐλήν
288 2409 333 2435 τε
364 2397 425 2449 τῷ
447 2391 562 2444 Ἄπι,
603 2392 644 2435 ἓν
675 2397 725 2449 τῇ
756 2396 963 2449 τρέφεται
995 2389 1126 2433 ἐπεὰν
1157 2393 1271 2446 φανῇ
1305 2386 1326 2431 ὃ
1355 2382 1487 2439 Δἷιίπις,

125 2460 385 2516 οἰκοδόμησε
423 2461 610 2504 ε’ναντίον
640 2464 725 2502 τιῦν
756 2460 1062 2516 προπυλαίων,
1100 2458 1248 2500 πᾶσάν
1284 2472 1330 2498 τε
1367 2459 1491 2510 περί-

127 2531 279 2572 στυλον
318 2528 472 2571 ἐοῦσαν
502 2529 574 2570 καὶ
609 2528 757 2570 τύπων
795 2528 946 2582 πλέην·
985 2524 1079 2567 ἀντὶ
1117 2525 1163 2567 δὲ
1199 2524 1353 2566 κιόνων
1384 2521 1491 2565 ὗπε-

128 2601 256 2640 στᾶσι
282 2599 484 2640 κολοσσοὶ
511 2595 862 2650 δυωδεκαπήχεες
886 2597 937 2650 τῇ
965 2591 1084 2650 αὐλῇ.
1124 2590 1145 2635 ὃ
1174 2593 1219 2634 δὲ
1237 2585 1358 2641 {laag
1383 2589 1491 2633 κατὰ

125 2664 200 2720 τὴν
221 2662 425 2721 Ἑλλήνων
450 2663 649 2720 γλῶσσάν
681 2661 773 2706 ἐστι
788 2659 1000 2718 Ἔπαφος.
1061 2667 1178 2702 τοῖσι
1210 2659 1256 2701 δὲ
1272 2656 1390 2702 ”Ιωσι
1420 2660 1491 2701 καὶ

125 2735 389 2788 τοῖσιΚαρσὶ
407 2741 523 2776 τοῖσι
538 2723 1029 2788 συγκατεργασαμένοισι
1045 2726 1160 2783 αὐτῷ
1176 2726 1198 2769 ὁ
1215 2726 1490 2783 Ψαμμήτιχος

1174 2796 1242 2829 11*

1509 575 1557 601 152

1510 2198 1558 2224 153

1516 2672 1564 2698 154
