1794 3282
232 1366 265 1391 64

283 268 368 310 204
701 271 1017 307 ΗΡΟΔΟΤΟΥ
1046 271 1085 305 Γ.
1110 271 1164 306 63.
1190 271 1244 306 64.

282 348 360 387 τοῦ
391 343 536 399 Κύρου
571 339 767 397 ἄγγελος·
805 344 876 382 νῦν
909 332 967 382 ὦν
999 339 1127 390 ε’ίπας
1156 338 1230 396 τὴν
1263 338 1475 397 ἀλήθειαν
1513 338 1653 384 ἄπιθι

281 414 461 466 χαίρων,
503 409 658 463 κότερα
690 405 822 458 αὐτός
858 423 928 450 τοι
958 406 1143 462 Σμέρδις
1180 408 1441 464 φαινόμενος
1473 408 1515 460 ἒς
1546 406 1654 464 ὄψιν

284 476 524 518 ἐνετέλλετο
555 479 710 527 ταῦτα,
749 472 776 531 ἢ
807 478 893 518 τῶν
923 491 991 526 τις
1017 474 1176 517 ἐκείνου
1202 473 1488 532 ὗπηρετέιον.”
1551 474 1573 519 5
1607 476 1654 519 δὲ

285 541 381 586 εἷπε
401 541 518 598 “ἒγώ
540 543 724 600 Σμέρδιν
749 542 825 596 μὲν
844 540 918 585 τὸν
938 541 1096 597 Κύρου,
1126 541 1172 594 ἐξ
1191 539 1287 586 ὅτευ
1307 542 1513 597 βασιλεὺς
1531 550 1655 598 Καμ-

281 611 420 666 βύσης
446 607 577 666 ἤλασε
604 609 644 660 ἐς
664 609 901 665 Αἴγυπτον,
930 607 1041 652 οὔκω
1064 607 1250 653 ὄπωπα·
1278 607 1300 652 5
1328 611 1375 652 δέ
1393 626 1470 664 μοι
1487 611 1651 666 Μάγος,

283 677 356 721 τὸν
370 678 608 733 Καμβύσης
623 676 863 734 ἐπίτροπον
882 681 968 720 τιῦν
989 676 1134 719 οἰκίων
1150 675 1346 729 ἀπέδεξε,
1371 671 1498 728 οὗτος
1516 682 1654 720 ταῦτα

286 745 537 797 ἐνετείλατο,
567 743 654 802 φὰς
678 743 865 800 Σμέρδιν
889 743 964 787 τὸν
988 744 1133 799 Κύρου
1161 742 1271 788 εἶναι
1295 743 1369 788 τὸν
1393 748 1531 788 ταῦτα
1556 743 1656 788 ἑπι-

284 816 471 867 θέμενον
503 810 628 856 εἶπαι
658 811 770 869 πρὸς
801 809 974 866 ὕμέας.”
1026 809 1048 854 5
1080 813 1157 866 μὲν
1189 812 1239 869 δή
1273 828 1354 869 σφι
1386 811 1500 868 ἔλεγε
1532 811 1656 856 οὐδὲν

286 880 729 936 ἐπικατεψευσμένος,
767 880 1002 936 Καμβύσης
1041 880 1087 922 δὲ
1124 877 1221 922 εἶπε
1253 877 1563 937 ((Πρήξασπες,
1604 879 1655 923 σὺ

285 952 381 1002 μέν,
422 947 494 991 οἶα
527 945 630 1004 ἀνὴρ
664 945 854 1003 ἀγαθός,
893 948 1084 1003 ποιήσας
1115 947 1164 990 τὸ
1203 948 1478 1002 κελευόμενον
1515 947 1656 1003 αἰτίην

288 1014 577 1072 ἐκπέφευγας·
616 1015 713 1070 ἐμοὶ
745 1016 791 1058 δὲ
822 1019 888 1066 τίς
919 1012 970 1059 ἂν
1001 1015 1066 1070 εἰἠ
1097 1019 1299 1071 Περσέων
1330 1013 1353 1058 5
1387 1013 1658 1066 ἐπανεστεὼς

287 1083 560 1139 ἐπιβατεύων
590 1087 667 1126 τοῦ
698 1083 912 1140 Σμέρδιος
943 1080 1234 1136 οὐνόματος,·”
1277 1081 1299 1125 5
1338 1083 1384 1125 δὲ
1416 1080 1512 1125 εἶπε
1538 1080 1656 1138 ((ἒγώ

286 1168 364 1206 μοι
386 1151 519 1194 δοκέω
543 1154 734 1194 συνιέναι
753 1149 803 1193 τὸ
824 1150 996 1206 γεγονὸς
1009 1154 1151 1202 τοῦτο,
1181 1144 1214 1192 ὦ
1227 1152 1429 1205 βασιλεῦ·
1457 1150 1657 1205 οἱΜάγοι

291 1218 377 1261 εἰσί
399 1234 469 1261 τοι
496 1218 537 1260 οἱ
569 1217 904 1270 ἐπανεστεῶτες,
943 1218 1019 1261 τόν
1050 1234 1098 1260 τε
1130 1217 1277 1268 ἔλιπες
1305 1216 1546 1272 μελεδωνὸν
1571 1221 1659 1259 τιῦν

290 1286 453 1337 οἰκίων,
493 1286 778 1342 Πατιζείθης,
817 1287 888 1328 καὶ
925 1283 947 1328 5
984 1285 1142 1328 τούτου
1181 1283 1396 1342 ἀδελφεὸς
1430 1282 1655 1341 Σμέρδις.”

292 1353 485 1396 ἐνθαῦτα
512 1350 756 1395 ἀκούσαντα
774 1353 1013 1409 Καμβύσην
1037 1350 1087 1395 τὸ
1107 1352 1322 1407 Σμέρδιος
1341 1349 1503 1406 οὕνομα
1524 1352 1659 1407 ἔτυψε

288 1419 313 1477 ἡ
341 1419 531 1476 ἀλήθεια
556 1424 641 1462 τῶν
667 1436 713 1462 τε
739 1420 877 1475 λόγων
902 1422 973 1462 καὶ
998 1424 1074 1462 τοῦ
1103 1418 1324 1462 ἐνυπνίου·
1364 1419 1412 1470 ὃς
1444 1419 1587 1462 ἐδόκεε
1614 1419 1657 1463 ἓν

287 1493 348 1544 τῷ
378 1486 788 1543 ῧπνῳάπαγγεῖλαί
812 1488 907 1530 τινά
934 1487 975 1530 οἳ
1002 1485 1060 1538 ὥς
1081 1488 1269 1543 Σμέρδις
1297 1487 1490 1541 ἱζόμενος
1516 1487 1559 1538 ἒς
1583 1486 1658 1531 τὸν

285 1556 515 1610 βασιλήιον
540 1555 702 1609 θρόνον
730 1556 917 1610 ψαύσειε
947 1560 998 1613 τῇ
1024 1557 1190 1612 κεφαλῇ
1221 1559 1296 1597 τοῦ
1325 1552 1522 1611 οὐρανοῦ.
1575 1572 1661 1609 μα-

287 1622 384 1665 θιὺν
404 1623 450 1665 δὲ
471 1620 530 1673 (ὗς
549 1623 688 1678 μάτην
703 1620 997 1674 ἀπολωλεκώς
1019 1623 1082 1680 εἰἠ
1103 1623 1177 1665 τὸν
1197 1619 1423 1680 ἀδελφεόν,
1452 1620 1661 1667 ἀπέκλαιε

287 1691 488 1747 Σμέρδιν.
545 1688 827 1741 ἀποκλαύσας
859 1691 905 1733 δὲ
936 1692 1008 1733 καὶ
1040 1691 1389 1747 περιημεκτήσας
1419 1694 1469 1747 τῇ
1508 1688 1659 1748 ἁπάσῃ

291 1762 493 1815 συμφορῇ
527 1755 807 1815 ἀναθρώσκει
840 1757 913 1801 ἐπὶ
950 1757 1025 1801 τὸν
1056 1759 1216 1808 ἵππον,
1257 1756 1299 1801 ἓν
1329 1758 1415 1814 νόῳ
1449 1757 1554 1812 ἔχων
1584 1757 1660 1816 τὴν

290 1830 492 1882 ταχίστην
519 1825 561 1876 ἐς
586 1830 732 1869 Σοῦσα
759 1826 1083 1882 στρατεύεσθαι
1109 1825 1183 1869 ἐπὶ
1207 1824 1282 1869 τὸν
1306 1826 1469 1882 Μάγον.
1519 1830 1593 1869 καί
1617 1825 1660 1869 οἱ

292 1891 624 1949 ἀναθρώσκοντι
656 1893 730 1937 ἐπὶ
760 1893 835 1937 τὸν
865 1894 1007 1937 ἵππον
1037 1898 1114 1936 τοῦ
1145 1895 1323 1936 κουλεοῦ
1349 1898 1425 1936 τοῦ
1458 1895 1608 1952 ξίφεος
1633 1892 1658 1937 5

289 1961 423 2017 μύκης
444 1959 706 2012 ἀποπίπτει,
733 1962 962 2017 γυμνωθὲν
989 1962 1035 2004 δὲ
1053 1960 1102 2004 τὸ
1124 1963 1251 2018 ξίφος
1269 1965 1394 2004 παίει
1412 1961 1487 2005 τὸν
1505 1963 1657 2018 μηρόν.

290 2030 615 2084 τρωματισθεὶς
642 2029 687 2070 δὲ
712 2027 820 2070 κατὰ
845 2033 974 2071 τοῦτο
999 2033 1051 2085 τῇ
1079 2027 1210 2079 αὐτὸς
1236 2029 1449 2085 πρότερον
1473 2028 1548 2072 τὸν
1571 2032 1658 2071 τῶν

290 2095 542 2150 Αἰγυπτίων
568 2094 676 2138 θεὸν
697 2089 818 2138 {mm
845 2095 1019 2151 ἔπληξε,
1054 2093 1113 2146 ὥς
1146 2095 1187 2137 οἱ
1218 2100 1362 2152 καιρίῃ
1390 2095 1509 2147 ἔδοξε
1533 2095 1658 2138 τετύ-

292 2167 424 2219 φθαι,
454 2162 592 2218 ε’ίρετο
621 2160 642 2205 5
669 2163 908 2220 Καμβύσης
934 2160 959 2206 ὅ
983 2180 1026 2206 τι
1056 2167 1107 2220 τῇ
1139 2164 1247 2206 πόλι
1278 2161 1440 2217 οὕνομα
1473 2163 1552 2219 ε’ίη.
1615 2162 1658 2206 οἱ

294 2232 339 2274 δὲ
365 2229 491 2273 εἶπαν
523 2228 590 2272 ὅτι
611 2229 859 2286 Ἀγβάτανα.
919 2235 980 2287 τῷ
1014 2231 1059 2274 δὲ
1092 2230 1155 2273 ἔτι
1184 2231 1398 2287 πρότερον
1430 2229 1657 2287 ἐκέχρηστο

293 2297 337 2341 ἔκ
360 2302 555 2348 Βουτοῦς
580 2298 736 2348 πόλιος
762 2297 804 2340 ἐν
825 2296 1124 2354 ,Ἀγβατάνοισι
1149 2298 1417 2355 τελευτήσειν
1447 2296 1522 2341 τὸν
1546 2302 1657 2353 βίον.

294 2364 315 2409 5
347 2367 423 2420 μὲν
455 2365 504 2422 δὴ
539 2365 579 2408 ἐν
610 2374 726 2408 τοῖσι
750 2366 985 2421 Μηδικοῖσι
1006 2364 1305 2421 Ἀγβατάνοισι
1338 2365 1483 2408 ἐδόκεε
1513 2367 1660 2409 τελευ-

292 2434 435 2491 τήσειν
461 2433 656 2490 γηραιός,
697 2432 738 2476 ἐν
763 2437 882 2477 τοῖσί
907 2433 948 2477 οἱ
979 2427 1028 2490 ἧν
1053 2434 1198 2477 πάντα
1228 2432 1283 2476 τὰ
1314 2433 1573 2491 πρήγματα·
1608 2433 1659 2478 τὸ

294 2502 340 2544 δὲ
361 2501 620 2558 χρηστήριον
648 2501 689 2544 ἐν
714 2510 832 2545 τοῖσι
866 2500 908 2545 ἒν
931 2505 1066 2559 Συρίῃ
1088 2500 1388 2559 Ἀγβατάνοισι
1419 2502 1535 2559 ἔλεγε
1560 2500 1660 2560 ἄρα.

292 2571 363 2611 καὶ
390 2568 439 2625 δὴ
466 2566 525 2620 ὥς
548 2569 649 2612 τότε
675 2568 954 2625 ἐπειρόμενος
986 2569 1181 2614 ἐπύθετο
1212 2575 1289 2628 τῆς
1313 2570 1471 2621 πόλιος
1500 2569 1551 2614 τὸ
1586 2568 1662 2614 01²5-

292 2653 421 2691 νομα,
460 2635 548 2679 ὑπὸ
585 2640 661 2692 τῆς
699 2641 926 2695 συμφορῆς
961 2642 1036 2694 τῆς
1071 2655 1118 2681 τε
1156 2637 1200 2681 ἔκ
1242 2643 1318 2681 τοῦ
1349 2639 1502 2694 Μάγου
1537 2637 1664 2682 ἔκπε-

293 2705 535 2761 πληγμένος
559 2706 630 2748 καὶ
654 2709 731 2747 τοῦ
756 2706 984 2762 τρώματος
1016 2705 1314 2763 ἐσωφρόνησε,
1354 2704 1581 2759 συλλαβὼν
1614 2705 1661 2746 δὲ

792 2770 844 2787 (ί)

293 2771 343 2815 τὸ
370 2773 648 2828 θεοπρόπιον
674 2771 771 2817 εἶπε
827 2778 1019 2818 ενθαῦτα
1043 2774 1278 2831 Καμβύσην
1304 2771 1379 2818 τὸν
1397 2774 1540 2831 Κύρου
1568 2770 1660 2814 ἐστὶ
