1794 3282
220 366 252 390 74

228 1650 260 1675 75

239 2803 271 2829 76

275 275 360 317 210
680 281 995 317 ΗΡΟΔΟΤΟΥ
1023 282 1064 316 Γ.
1090 281 1235 318 74-76.

359 350 422 396 Ἔν
449 346 483 408 ᾦ
511 351 557 394 δὲ
584 344 703 394 οὗτοι
728 354 866 393 ταῦτα
891 348 1183 404 ἐβουλεύοντο,
1218 351 1377 407 ἐγίνετο
1408 351 1517 395 κατὰ
1543 368 1641 396 συν-

275 424 421 476 τυχίην
452 418 568 461 τάδε.
629 426 747 461 τοῖσι
770 417 966 473 Μάγοισι
997 416 1117 470 ἔδοξε
1146 421 1501 474 βουλευομένοισι
1525 429 1642 478 Πρη-

277 488 448 539 ξάσπεα
474 487 601 543 φίλον
627 489 931 543 προσθέσθαι,
961 482 1030 529 ὅτι
1053 502 1100 528 τε
1121 485 1369 530 ἐπεπόνθεε
1388 487 1501 543 πρὸς
1519 495 1642 542 Καμ-

275 555 419 609 βύσεω
447 551 651 610 ἀνάρσια,
692 551 739 605 ὅς
766 553 808 596 οἱ
836 552 912 596 τὸν
943 554 1086 597 παῖδα
1116 554 1323 606 τοξεύσας
1354 553 1639 608 ἀπολωλέκεε,

275 624 348 665 καὶ
373 622 488 665 διότι
511 626 671 676 μοῦνος
695 619 913 678 ἠπίστατο
938 619 1012 664 τὸν
1038 622 1250 679 Σμέρδιος
1280 626 1357 665 τοῦ
1383 623 1527 680 Κύρου
1554 623 1643 666 θά-

276 706 402 733 νατον
428 688 671 747 αὐτοχειρίῃ
697 707 770 743 μιν
796 687 1029 741 ἀπολέσας,
1056 687 1169 746 πρὸς
1194 687 1233 732 δ’
1252 689 1314 732 ἔτι
1340 689 1465 734 ἐόντα
1485 689 1526 733 ἐν
1547 691 1642 747 α’ίνῃ

276 761 454 815 μεγίστῃ
470 756 543 801 τὸν
556 757 825 814 Πρηξάσπεα
846 756 888 800 ἐν
901 760 1108 814 Πέρσῃσι.
1145 757 1311 801 τούτων
1332 757 1382 814 δή
1404 775 1477 812 μιν
1492 757 1646 800 είνεκεν

277 825 533 877 καλέσαντες
570 827 697 881 φίλον
733 828 1046 883 προσεκτέοντο
1083 829 1210 868 πίστι
1251 842 1297 868 τε
1334 826 1540 881 λαβόντες
1574 826 1648 867 καὶ

281 892 478 951 ὁρκίοισι,
506 895 531 950 ἠ
557 894 633 948 μὲν
659 893 766 946 ἕξειν
792 890 894 948 παρ’
911 891 1058 935 ἓωυτιῦ
1083 892 1185 950 μηδ’
1204 892 1385 946 ἐξοίσειν
1403 890 1599 948 μηδενὶ
1575 910 1648 936 αν-

278 962 477 1019 θρώπων
513 979 588 1018 την
627 959 716 1004 ἀπὸ
751 960 897 1018 σφέων
929 958 1101 1018 ἀπάτην
1133 960 1176 1012 ἐς
1206 964 1377 1016 Πέρσας
1411 968 1644 1018 γεγονυῖαν,

279 1027 613 1084 ὗπισχνεόμενοι
637 1027 691 1072 τὰ
717 1030 862 1072 πάντα
889 1028 931 1071 οἱ
954 1033 1089 1084 μυρία
1116 1029 1286 1072 δώσειν.
1324 1027 1646 1083 ὖποδεκομένου

282 1098 328 1140 δὲ
353 1102 429 1140 τοῦ
454 1098 742 1154 Πρηξάσπεος
767 1097 968 1153 ποιήσειν
993 1101 1141 1149 ταῦτα,
1171 1094 1230 1147 ιῦς
1256 1095 1489 1140 ἀνέπεισάν
1511 1114 1585 1151 μιν
1607 1096 1649 1139 οἱ

279 1165 443 1221 Μάγοι,
478 1165 656 1222 δεύτερα
681 1163 967 1221 προσέφερον,
1003 1162 1127 1207 αὐτοὶ
1153 1165 1229 1219 μὲν
1263 1165 1453 1220 φάμενοι
1477 1168 1648 1222 Πέρσας

280 1233 449 1284 πάντας
475 1234 748 1288 συγκαλέσειν
775 1229 862 1275 ὑπὸ
894 1231 943 1274 τὸ
968 1231 1196 1289 βασιλήιον
1220 1241 1379 1285 τεῖχος,
1415 1232 1573 1276 ἐκεῖνον
1605 1230 1645 1275 δ’

282 1299 473 1343 ἐκέλευον
512 1298 730 1354 ἀναβάντα
768 1299 841 1342 ἐπὶ
878 1300 1042 1356 πύργον
1080 1297 1314 1355 ἀγορεῦσαι
1352 1298 1408 1351 (ὃς
1445 1298 1533 1344 ὑπὸ
1571 1305 1649 1343 τοῦ

281 1368 425 1424 Κύρου
452 1367 666 1423 Σμέρδιος
692 1364 896 1424 ἄρχονται
921 1369 992 1409 καὶ
1018 1364 1091 1409 ὑπ’
1111 1366 1285 1418 οὐδενὸς
1312 1365 1457 1410 ἄλλου.
1512 1372 1650 1411 ταῦτα

283 1436 329 1478 δὲ
356 1432 468 1478 οὕτω
498 1434 763 1478 ἐνετέλλοντο
797 1432 856 1485 ιῦς
880 1434 1149 1477 πιστοτάτου
1178 1435 1312 1491 δῆθεν
1344 1434 1489 1486 ἐόντος
1515 1434 1649 1478 αὐτοῦ

284 1502 325 1545 ἐν
340 1502 544 1560 Πέρσῃσι,
565 1504 637 1545 καὶ
649 1502 860 1552 πολλάκις
875 1499 1200 1556 ἀποδεξαμένου
1214 1503 1385 1558 γνώμην
1401 1501 1459 1554 ιῦς
1479 1507 1648 1561 περιείη

285 1568 306 1613 ὁ
339 1571 482 1626 Κύρου
508 1570 712 1626 Σμέρδις,
751 1571 823 1612 καὶ
856 1568 1197 1626 ἐξαρνησαμένου
1229 1568 1303 1613 τὸν
1335 1570 1469 1627 φόνον
1502 1569 1649 1615 αὐτοῦ.

287 1641 481 1694 φαμένου
510 1639 556 1681 δὲ
581 1639 653 1680 καὶ
677 1642 814 1680 ταῦτα
840 1636 1013 1691 ἑτοίμου
1047 1636 1158 1681 εἶναι
1182 1641 1349 1681 ποιέειν
1378 1643 1455 1681 τοῦ
1479 1639 1653 1695 Πρηξά-

288 1722 435 1757 σπεος,
465 1707 799 1761 συγκαλέσαντες
815 1709 986 1761 Πέρσας
1013 1706 1055 1748 οἱ
1072 1706 1218 1762 Μάγοι
1239 1703 1500 1762 ἀνεβίβασαν
1521 1706 1651 1750 αὐτὸν

285 1773 360 1817 ἐπὶ
379 1774 543 1831 πύργον
565 1775 638 1816 καὶ
658 1771 878 1831 ἀγορεύειν
905 1773 1107 1817 ἐκέλευον.
1151 1772 1172 1817 ὃ
1201 1775 1259 1826 δέ,
1286 1779 1372 1818 τῶν
1396 1775 1472 1829 μὲν
1499 1774 1654 1819 ἐκεῖνοι.

286 1843 577 1897 προσεδέοντο
605 1839 749 1894 αὗτοῦ,
777 1842 944 1885 τούτων
962 1845 1140 1896 μέντοι
1166 1840 1270 1885 {nebu
1291 1841 1546 1899 ἐπελήθετο,
1577 1841 1653 1901 ἀρ-

287 1910 466 1963 ξάμενος
493 1910 539 1951 δὲ
565 1907 639 1952 ἀπ’
657 1907 924 1964 Ἁχαιμένεος
950 1909 1248 1966 ἐγενεηλόγησε
1273 1909 1348 1966 τὴν
1367 1910 1554 1968 πατριὴν
1578 1910 1652 1967 τὴν

286 1978 443 2034 Κύρου,
470 1975 580 2031 μετὰ
601 1978 646 2019 δὲ
668 1975 726 2028 (ὃς
747 1976 789 2028 ἐς
807 1981 961 2020 τοῦτον
985 1977 1154 2033 κατέβη,
1182 1979 1413 2021 τελευτέιυν
1434 1976 1585 2034 ε’λεγε(
1569 1976 1653 2021 όσα

288 2043 439 2100 ἀγαθὰ
475 2049 617 2122 Κῦρος
652 2048 824 2099 Πέρσας
859 2045 1115 2100 πεποιήκοι,
1157 2044 1393 2096 διεξελθών
1432 2046 1478 2088 δὲ
1513 2050 1651 2088 ταῦτα

288 2112 485 2170 ἐξέφαινε
509 2130 582 2168 την
615 2109 840 2168 ἀληθειαν,
875 2112 1068 2168 φάμενος
1099 2112 1311 2169 πρότερον
1342 2113 1418 2166 μὲν
1449 2113 1651 2167 κρύπτειν

288 2178 354 2234 (οὗ
381 2180 462 2237 γάρ
489 2179 531 2222 οἱ
557 2176 666 2222 εἶναι
693 2177 887 2237 ἀσφαλὲς
919 2181 1054 2236 λέγειν
1085 2179 1140 2223 τὰ
1170 2180 1411 2235 γενόμενα),
1446 2179 1487 2223 ἐν
1519 2181 1566 2223 δὲ
1590 2185 1651 2237 τῷ

287 2248 496 2305 παρεόντι
527 2245 756 2303 ἀναγκαίην
785 2265 859 2301 μιν
890 2248 1235 2302 καταλαμβάνειν
1273 2252 1461 2305 φαίνειν·
1499 2250 1570 2290 καὶ
1603 2247 1652 2305 δὴ

288 2316 402 2372 ἐ’λεγε
431 2313 506 2358 τὸν
536 2315 612 2369 μὲν
646 2316 786 2372 Κύρου
812 2314 998 2372 Σμέρδιν
1030 2313 1090 2365 (ὗς
1123 2313 1254 2366 αὐτὸς
1285 2314 1374 2358 ὑπὸ
1406 2315 1651 2370 Καμβύσεω

287 2383 627 2440 ἀναγκαζόμενος
658 2380 942 2435 ἀποκτείνειε,
981 2381 1083 2434 τοὺς
1106 2384 1285 2439 Μάγους
1317 2384 1363 2427 δὲ
1392 2384 1651 2438 βασιλεύειν.

288 2451 481 2509 Πέρσῃσι
519 2452 565 2494 δὲ
606 2450 750 2494 πολλὰ
793 2450 1122 2507 ἐπαρησάμενος
1164 2451 1203 2494 εἰ
1238 2450 1296 2508 μὴ
1335 2449 1652 2508 ἀνακτησαίατο

290 2518 434 2563 οπίσω
459 2538 534 2576 την
560 2517 689 2576 ἀρχην
714 2521 785 2562 καὶ
810 2536 912 2570 τους
936 2520 1114 2575 Μάγους
1138 2522 1353 2572 τισαίατο,
1382 2517 1521 2576 ἀπῆκε
1547 2519 1653 2562 ἑωυ-

287 2586 361 2631 τὸν
388 2587 461 2630 ἐπὶ
486 2587 675 2644 κεφαλὴν
700 2591 922 2644 φέρεσθαι
948 2585 1037 2630 ἀπὸ
1064 2591 1141 2630 τοῦ
1166 2587 1335 2644 πύργου
1361 2587 1492 2631 κάτω.
1536 2596 1653 2666 Πρη-

289 2655 459 2711 ξάσπης
483 2659 559 2710 μέν
584 2673 654 2698 νυν
681 2654 761 2698 ἐων
785 2654 859 2698 τὸν
878 2653 1023 2699 πάντα
1039 2656 1193 2713 χρόνον
1213 2653 1316 2712 ἀνὴρ
1343 2654 1520 2710 δόκιμος
1540 2644 1650 2697 ου’τω

291 2723 549 2780 ἐτελεύτησε.

377 2791 424 2834 Οἱ
451 2791 496 2834 δὲ
523 2790 574 2848 δὴ
601 2789 713 2834 ἑπτὰ
737 2795 822 2834 τιῦν
846 2790 1048 2848 Περσέων
1075 2789 1133 2843 (ὃς
1159 2790 1469 2834 ἐβουλεύσαντο
1497 2787 1650 2831 αὐτίκα
