1794 3282
190 688 239 714 158

191 1365 239 1390 159

190 2382 238 2406 160

265 262 350 302 244
646 266 957 302 ΗΡΟΔΟΤΟΥ
988 267 1028 300 Γ.
1054 267 1243 302 157-160.

264 338 414 381 λώνιοι
439 337 598 387 πάντες
617 336 829 393 Ζώπυρον
856 333 967 389 εἶχον
994 334 1035 378 έν
1057 336 1246 390 στόμασι
1267 335 1490 386 αἰνέοντες.
1530 332 1551 378 ὃ
1580 334 1626 377 δὲ

264 400 386 455 αὖτις
418 402 634 446 διαλιπών
663 402 742 454 τὰς
778 402 1055 459 συγκειμένας
1086 400 1247 459 ἡμέρας
1285 402 1459 461 ἐξήγαγε
1497 402 1539 454 ἐς
1573 400 1624 445 τὸ

262 474 573 528 προειρημένον
597 473 668 513 καὶ
693 471 1019 525 κυκλωσάμενος
1043 471 1332 528 κατεφόνευσε
1356 470 1457 522 τοὺς
1476 486 1627 526 τετρα-

262 541 511 592 κισχιλίους.
573 536 632 590 ὦς
663 539 709 581 δὲ
740 540 810 581 καὶ
841 544 971 582 τοῦτο
1002 538 1285 596 κατέργαστο,
1319 540 1462 582 πάντα
1495 537 1544 593 δὴ
1576 531 1626 594 ἦν

263 606 304 649 ἐν
329 615 447 649 τοῖσι
465 608 788 661 Βαβυλωνίοισι
805 607 1031 663 Ζώπυρος,
1058 608 1129 649 καὶ
1150 606 1414 663 στρατάρχης
1433 622 1478 648 τε
1500 599 1627 656 οὗτός

264 691 344 732 σφι
368 676 440 717 καὶ
464 675 729 731 τειχοφύλαξ
753 672 1028 718 ἀπεδέδεκτο.
1091 673 1339 731 προσβολὴν
1367 675 1412 716 δὲ
1438 677 1623 727 Δαρείου

262 741 372 785 κατὰ
396 741 450 785 τὰ
478 746 731 798 συγκείμενα
756 746 1016 796 ποιευμένου
1037 744 1166 797 πέριξ
1182 741 1231 785 τὸ
1252 750 1404 796 τεῖχος,
1434 742 1626 784 ἐνθαῦτα

264 810 313 866 δη
346 810 490 853 πάντα
520 809 593 853 τὸν
626 811 752 853 δόλον
784 808 806 853 ὃ
838 811 1053 867 Ζώπυρος
1085 810 1295 868 ἐξέφαινε.
1364 810 1406 853 οἱ
1441 809 1516 863 μὲν
1546 806 1626 864 γὰρ

262 878 537 933 Βαβυλώνιοι
552 876 787 933 ἀναβάντες
803 878 875 922 ἐπὶ
895 878 946 922 τὸ
965 887 1106 932 τεῖχος
1126 876 1336 935 ἠμύνοντο
1351 877 1425 934 τὴν
1440 879 1625 933 Δαρείου

265 944 466 1003 στρατιὴν
493 947 866 1001 προσβάλλουσαν,
901 945 922 990 0‘
952 947 998 990 δὲ
1022 947 1236 1002 Ζώπυρος
1260 947 1339 997 τάς
1370 963 1416 988 τε
1441 948 1627 995 Κισσίας

263 1015 333 1056 καὶ
365 1015 554 1070 Βηλίδας
585 1017 844 1070 καλεομένας
874 1016 1016 1066 πύλας
1053 1013 1333 1066 ἀναπετάσας
1370 1014 1491 1070 ἐσῆκε
1527 1011 1628 1063 τοὺς

263 1080 434 1139 Πέρσας
466 1081 508 1133 ἐς
538 1081 586 1126 τὸ
619 1092 770 1136 τεῖχος.
830 1087 915 1126 τιῦν
949 1084 994 1125 δὲ
1019 1084 1307 1137 Βαβυλωνίων
1340 1085 1383 1125 οἳ
1411 1082 1487 1136 μὲν
1513 1079 1627 1124 εἶδον

263 1148 312 1192 τὸ
351 1154 560 1206 ποιηθέν,
602 1144 721 1193 οὗτοι
759 1150 938 1208 ἔφευγον
971 1150 1014 1201 ές
1044 1155 1120 1193 τοῦ
1154 1150 1258 1201 Διὸς
1288 1154 1364 1193 τοῦ
1395 1150 1537 1206 Βήλου
1576 1147 1625 1191 τὸ

266 1217 376 1273 ἱρόν·
409 1220 453 1260 οἳ
479 1218 524 1260 δὲ
550 1216 624 1260 ούκ
650 1216 775 1270 εἶδον,
806 1218 951 1272 ἔμενον
978 1218 1018 1261 ἕν
1043 1223 1094 1275 τῇ
1122 1217 1285 1261 ἑωυτοῦ
1310 1218 1408 1270 τάξι
1435 1217 1624 1267 ἕκαστος,

266 1283 307 1335 ἐς
333 1284 355 1327 ὃ
384 1283 434 1341 δὴ
460 1287 532 1328 καὶ
559 1280 679 1329 οὗτοι
706 1286 873 1340 ἔμαθον
899 1287 1227 1343 προδεδομένοι.

348 1352 558 1407 Βαβυλών
583 1358 660 1407 μέν
685 1372 755 1396 νυν
783 1352 895 1396 οὕτω
922 1353 970 1397 τὸ
1000 1355 1198 1410 δεύτερον
1230 1354 1408 1411 αἱρέθη·
1443 1359 1627 1407 Δαρεῖος

265 1421 310 1462 δὲ
338 1420 480 1463 ἐπείτε
507 1420 712 1477 ἐκράτησε
737 1425 822 1464 τῶν
841 1424 1142 1476 Βαβυλωνίων,
1169 1426 1296 1464 τοῦτο
1316 1424 1393 1475 μέν
1413 1437 1558 1477 σφεων
1577 1419 1626 1462 τὸ

263 1497 403 1541 τεῖχος
427 1490 619 1544 περιεῖλε
645 1490 715 1530 καὶ
739 1488 817 1540 τὰς
842 1490 984 1540 πύλας
1015 1490 1162 1540 πάσας
1189 1488 1422 1532 ἀπέσπασε
1454 1486 1519 1542 (τὸ
1546 1486 1625 1543 γὰρ

264 1556 477 1611 πρότερον
498 1554 604 1598 ἑλών
618 1560 759 1612 Κῦρος
778 1555 852 1612 τὴν
866 1559 1106 1611 Βαβυλῶνα
1127 1556 1306 1613 ἐποίησε
1325 1557 1490 1599 τούτων
1506 1553 1626 1598 οὐδέ-

263 1625 420 1679 τερον),
448 1628 576 1666 τοῦτο
604 1624 650 1666 δὲ
676 1622 697 1666 ὁ
725 1630 910 1682 Δαρεῖος
935 1629 1020 1667 τιῦν
1047 1623 1212 1681 ἀνδρῶν
1237 1623 1338 1676 τοὺς
1363 1627 1629 1682 κορυφαίους

263 1692 453 1745 μάλιστα
480 1691 522 1742 ἐς
546 1693 809 1747 τρισχιλίους
840 1690 1173 1744 ἀνεσκολόπισε,
1206 1700 1326 1735 τοῖσε
1360 1693 1406 1735 δὲ
1431 1693 1630 1735 λοιποῖσι

263 1761 586 1814 Βαβυλωνίοισι
612 1757 811 1803 ἀπέδωκε
835 1758 910 1816 τὴν
941 1760 1072 1804 πόλιν
1099 1760 1265 1803 οἰκέειν.
1327 1758 1387 1812 ὥς
1419 1758 1459 1803 δ’
1484 1759 1629 1812 ἕξουσι

263 1836 465 1883 γυναῖκας
491 1827 533 1870 οἱ
556 1829 845 1882 Βαβυλώνιοι,
872 1829 943 1871 ἵνα
970 1844 1051 1886 σφι
1075 1829 1192 1885 γενεὴ
1222 1826 1495 1884 ὗπογίνηται,
1524 1827 1629 1871 τάδε

265 1903 450 1953 Δαρεῖος
476 1894 669 1951 προϊδὼν
697 1895 896 1952 ἐποίησε·
927 1894 1006 1947 τὰς
1030 1895 1111 1952 γὰρ
1138 1895 1322 1948 ἑωυτῶν,
1358 1894 1417 1947 (ὗς
1441 1898 1512 1938 καὶ
1537 1893 1625 1938 κατ’

266 1961 398 2018 ἀρχὰς
436 1963 693 2019 δεδήλωται,
735 1961 980 2016 ἀπέπνιξαν
1018 1964 1061 2006 οἱ
1089 1964 1366 2018 Βαβυλώνιοι
1396 1968 1473 2006 τοῦ
1505 1966 1626 2006 σίτου

265 2034 568 2087 προορέοντες·
607 2030 787 2082 ἐπέταξε
818 2040 936 2074 τοῖσι
961 2036 1227 2086 περιοίκοισι
1253 2031 1402 2074 ἔθνεσι
1426 2039 1628 2086 γυναῖκας

266 2097 308 2148 ἐς
332 2100 571 2151 Βαβυλῶνα
603 2098 874 2149 κατιστάναι,
910 2096 1075 2155 ὃσασδη
1109 2098 1332 2142 ἑκάστοισι
1363 2099 1624 2150 ἐπιτάσσων,

266 2162 377 2207 ὥστε
404 2164 529 2207 πέντε
554 2166 776 2221 μυριάδων
801 2165 850 2208 τὸ
878 2168 1166 2222 κεφαλαίωμα
1192 2171 1275 2209 τιῦν
1301 2170 1509 2222 γυναικών
1530 2182 1628 2209 συν-

266 2234 387 2288 ἦλθε.
450 2231 493 2274 ἐκ
529 2233 691 2276 τούτων
730 2233 775 2275 δὲ
811 2238 896 2276 τιῦν
927 2238 1137 2289 γυναικών
1175 2234 1216 2276 οἱ
1253 2238 1322 2277 νῦν
1353 2235 1628 2289 Βαβυλώνιοι

263 2299 477 2355 γεγόνασι.

348 2367 562 2423 Ζωπύρου
587 2368 631 2410 δὲ
652 2366 794 2420 οὐδεὶς
810 2367 1100 2425 ἀγαθοεργίην
1115 2374 1313 2426 Περσέων
1336 2368 1625 2427 ὑπερεβάλετο

263 2434 385 2492 παρὰ
416 2439 586 2492 Δαρείῳ
619 2441 759 2494 κριτῇ,
801 2435 898 2479 οὔτε
928 2442 1012 2480 τῶν
1044 2435 1221 2493 ὕστερον
1257 2437 1492 2494 γενομένων
1531 2436 1628 2481 οὔτε

262 2507 347 2545 τῶν
373 2503 602 2559 πρότερον,
644 2501 712 2546 ὅτι
737 2504 794 2561 μὴ
822 2509 962 2562 Κῦρος
985 2510 1163 2560 μοῦνος·
1200 2507 1340 2562 τούτῳ
1371 2506 1452 2563 γὰρ
1485 2505 1628 2558 οὐδεὶς

262 2574 462 2626 Περσέων
504 2569 664 2627 ἠξίωσέ
704 2589 762 2614 κω
807 2572 968 2616 ἑωυτὸν
1012 2577 1259 2629 συμβαλεῖν.
1327 2575 1537 2625 πολλάκις
1581 2575 1627 2617 δὲ

264 2644 447 2694 Δαρεῖον
473 2640 641 2694 λέγεται
659 2640 829 2696 γνώμην
848 2641 972 2698 τήνδε
992 2639 1315 2695 ἀποδέξασθαι,
1345 2641 1403 2693 ὥς
1421 2643 1625 2697 βούλοιτο

264 2703 313 2747 ἂν
339 2706 551 2763 Ζώπυρον
577 2705 685 2750 εἶναι
712 2705 896 2751 ἀπαθέα
921 2713 995 2765 τῆς
1021 2707 1206 2767 ἀεικείης
1236 2712 1398 2765 μᾶλλον
1429 2709 1456 2767 ἢ
1480 2714 1625 2765 Βαβυ-

263 2773 402 2825 λιῦνάς
429 2774 470 2816 οἱ
502 2774 638 2818 ε’ίκοσι
663 2774 775 2833 πρὸς
805 2781 855 2833 τῇ
889 2775 1016 2835 ἐούσῃ
1050 2777 1388 2835 προσγενέσθαι.
1451 2778 1624 2833 ἐτίμησε
