1794 3282
520 269 835 304 ΗΡΟΔΟΤΟΥ
865 270 906 303 Δ.
932 269 1078 304 53—59.
1401 259 1486 302 265

118 336 140 382 ὅ
165 341 447 394 Βορυσθένης
473 339 580 395 ῥέων
604 342 768 394 γίνεται
793 342 866 381 καί
891 337 932 381 οἱ
958 342 1246 394 συμμίσγεται
1271 335 1486 389 ὁὛπανις

119 405 161 457 ἐς
184 403 326 448 τώυτὸ
353 404 448 456 ἕλος
474 405 681 457 ἐκδιδούς.
718 405 767 449 τὸ
796 406 843 449 δὲ
867 404 1026 460 μεταξὺ
1050 410 1135 449 τῶν
1155 409 1366 460 ποταμῶν
1387 405 1486 448 τού-

117 490 202 515 των
228 471 298 516 ἐὸν
325 472 507 527 ἔμβολον
538 477 613 529 τῆς
640 474 785 530 χώρης
805 471 1020 517 Ἱππόλεω
1054 471 1160 529 ἄκρη
1186 475 1403 525 καλέεται,
1443 472 1486 515 ἐν

120 540 166 583 δὲ
191 537 311 596 αύτῷ
338 540 429 596 ἱρὸν
453 540 627 597 Μητρὸς
658 541 893 598 ἐνίδρυται·
932 545 1066 598 πέρην
1099 542 1144 584 δὲ
1174 545 1250 584 τοῦ
1285 541 1377 597 ἱροῦ
1411 540 1486 584 ἐπὶ

118 611 179 664 τῷ
202 605 351 651 Ὑπάνι
374 606 726 664 Βορυσθενεῗται
750 612 1039 652 κατοικέαται.

210 679 352 718 Ταῦτα
371 676 446 730 μὲν
465 675 520 719 τὰ
541 674 631 718 ἀπὸ
651 676 816 720 τούτων
834 680 919 719 τῶν
939 680 1162 730 ποταμῶν,
1190 675 1299 731 μετὰ
1320 677 1365 719 δὲ
1384 676 1485 719 τού-

119 759 221 793 τους
257 746 460 797 πέμπτος
495 742 696 798 ποταμὸς
733 741 862 795 ἄλλος
892 748 953 800 τῷ
991 742 1156 798 οὕνομα
1186 744 1486 800 Παντικάπης·

121 810 209 867 ῥέει
240 811 286 853 δὲ
316 812 386 853 καὶ
420 804 546 862 οὗτος
578 810 668 854 ἀπὸ
699 815 840 868 βορέω
872 828 919 854 τε
949 813 1019 854 καὶ
1054 811 1097 854 ἐκ
1128 813 1295 867 λίμνης,
1335 813 1407 854 καὶ
1436 809 1486 853 τὸ

119 877 279 932 μεταξὺ
300 879 455 921 τούτου
476 895 522 921 τε
535 880 606 922 καὶ
621 884 698 922 τοῦ
712 883 1016 936 Βορυσθένεος
1028 883 1229 933 νέμονται
1245 879 1286 921 οἱ
1303 880 1488 934 γεωργοὶ

119 946 311 998 Σκύθαι,
351 945 515 988 ἐκδιδοῖ
546 946 592 988 δὲ
624 946 666 998 ἐς
695 945 769 1003 τὴν
795 945 976 1002 Ὑλαίην,
1016 946 1412 1003 παραμειψάμενος
1443 946 1489 987 δὲ

119 1014 277 1069 ταύτην
302 1017 362 1070 τῷ
388 1017 660 1070 Βορυσθένεϊ
684 1018 986 1070 συμμίσγεται.
1049 1014 1168 1064 ἕκτος
1195 1014 1240 1056 δὲ
1261 1011 1488 1070 Ὑπάκυρις

119 1081 338 1134 ποταμός,
379 1080 427 1131 ὃς
458 1079 647 1137 ὁρμᾶται
677 1082 753 1135 μὲν
786 1080 830 1123 ἐκ
861 1083 1028 1136 λίμνης,
1064 1080 1137 1124 διὰ
1161 1080 1306 1135 μέσων
1333 1080 1379 1123 δὲ
1403 1085 1489 1122 τῶν

118 1149 318 1202 νομάδων
348 1147 556 1191 Σκυθέων
587 1149 694 1206 ῥέων
726 1148 892 1191 ἐκδιδοῖ
921 1147 1031 1191 κατὰ
1061 1155 1309 1205 Καρκινῖτιν
1342 1148 1486 1199 πόλιν,

121 1214 163 1267 ἐς
189 1214 330 1273 δεξιὴν
351 1213 552 1272 ἀπέργων
571 1216 646 1272 τήν
664 1233 710 1259 τε
726 1214 889 1272 Ὑλαίην
909 1218 981 1259 καὶ
999 1215 1074 1259 τὸν
1084 1213 1320 1272 Ἀχιλλήιον
1339 1216 1491 1258 καλεό-

119 1299 244 1338 μενον
280 1283 453 1339 δρόμον.
516 1283 701 1338 ἕβδομος
733 1284 778 1327 δὲ
803 1288 964 1340 Γέρρος
994 1283 1194 1338 ποταμὸς
1227 1283 1491 1337 ἀπέσχισται

120 1351 196 1405 μὲν
234 1349 323 1394 ἀπὸ
360 1355 438 1394 τοῦ
468 1350 772 1408 Βορυσθένεος
808 1351 918 1394 κατὰ
948 1356 1077 1395 τοῦτο
1108 1357 1183 1408 τῆς
1211 1352 1354 1407 χώρης
1391 1350 1433 1402 ἐς
1465 1351 1487 1392 ὃ

121 1418 376 1474 γινώσκεται
402 1417 424 1461 ὁ
445 1419 744 1475 Βορυσθένης·
773 1417 1037 1472 ἀπέσχισται
1062 1423 1139 1474 μέν
1164 1437 1236 1462 νυν
1263 1419 1306 1462 ἐκ
1331 1419 1489 1462 τούτου

121 1490 196 1529 τοῦ
221 1486 377 1542 χώρου,
407 1484 571 1541 οὕνομα
597 1487 643 1529 δὲ
670 1487 755 1540 ἔχει
780 1487 918 1543 τόπερ
940 1485 962 1530 ὁ
980 1492 1123 1542 χῶρος
1145 1485 1289 1539 αι’-τός,
1317 1490 1488 1544 Γέρρος,

123 1555 230 1610 ῥέων
257 1552 296 1596 δ’
315 1552 357 1605 ἐς
382 1554 615 1598 θάλασσαν
642 1553 804 1611 οὐρίζει
828 1555 902 1612 τήν
933 1572 979 1597 τε
1010 1559 1095 1597 τῶν
1120 1555 1320 1609 νομάδων
1348 1556 1490 1611 χώρην

122 1623 194 1664 καὶ
218 1620 292 1678 τὴν
316 1626 401 1665 τῶν
425 1623 665 1678 βασιληίων
690 1626 910 1675 Σκυθέων,
940 1622 1104 1666 ἐκδιδοῖ
1129 1623 1175 1665 δὲ
1202 1622 1244 1673 ἐς
1268 1621 1341 1665 τὸν
1363 1620 1492 1665 Ὑπά-

123 1707 254 1747 κυριν.
312 1687 466 1745 ὄγδοος
493 1691 537 1733 δὲ
565 1689 614 1746 δὴ
645 1690 801 1741 Τάναϊς
826 1691 1039 1745 ποταμός,
1069 1690 1116 1741 ὃς
1142 1692 1230 1748 ῥέει
1254 1688 1491 1732 τάνέκαθεν

125 1756 169 1800 ἐκ
200 1759 349 1815 λίμνης
379 1758 566 1814 μεγάλης
597 1755 877 1813 ὁρμεόμενος,
919 1758 1084 1801 ἐκδιδοῖ
1120 1759 1165 1801 δὲ
1197 1758 1239 1809 ἐς
1275 1759 1389 1812 μέζω
1428 1758 1492 1801 ἔτι

124 1827 273 1880 λίμνην
309 1825 565 1881 καλεομένην
595 1830 801 1882 Μαιῆτιν,
842 1844 864 1881 η
904 1824 1064 1882 οὗρίζει
1094 1827 1274 1877 Σκύθας
1309 1843 1355 1868 τε
1390 1825 1493 1877 τοὺς

123 1895 378 1949 βασιληίους
402 1895 474 1935 καὶ
499 1894 800 1950 Σαυρομάτας.
858 1892 900 1944 ἐς
927 1893 971 1935 δὲ
1003 1894 1158 1936 Τάναϊν
1183 1897 1337 1937 τοῦτον
1363 1891 1493 1945 ἄλλος

125 1960 324 2015 ποταμὸς
350 1960 550 2015 ἐσβάλλει
573 1966 635 2017 τῷ
663 1959 826 2015 οὔνομά
852 1960 944 2004 ἐστι
959 1958 1110 2016 Ὕργις.

213 2035 338 2072 Τοῖσι
361 2029 438 2082 μὲν
465 2027 515 2085 δὴ
544 2026 857 2083 οὗνομαστοῐσι
881 2037 1126 2082 ποταμοῖσι
1159 2026 1270 2072 οὕτω
1299 2029 1349 2086 δή
1381 2047 1425 2072 τι
1451 2030 1493 2072 οἱ
1517 2043 1531 2067 5

125 2098 298 2140 Σκύθαι
330 2095 633 2148 ἐσκευάδαται,
672 2104 790 2139 τοῖσι
823 2097 868 2139 δὲ
899 2096 1071 2152 κτήνεσι
1101 2094 1125 2153 ἡ
1159 2102 1266 2154 ποίη
1299 2095 1493 2154 ἀναφυο-

125 2168 234 2220 μένη
267 2164 308 2207 ἐν
344 2168 395 2221 τῇ
426 2167 620 2221 Σκυθικῇ
654 2163 745 2207 ἐστὶ
784 2163 1083 2221 ἐπιχολωτάτη
1122 2169 1300 2209 πασέων
1330 2169 1493 2208 ποιέων

126 2237 211 2275 τῶν
248 2230 370 2287 ἡμεῖς
406 2232 548 2286 ἰ’δμεν·
593 2230 913 2287 ἀνοιγομένοισι
952 2233 997 2275 δὲ
1033 2241 1152 2276 τοῖσι
1194 2233 1364 2289 κτήνεσι
1402 2232 1494 2275 ἔστι

129 2299 492 2352 σταθμώσασθαι
518 2296 587 2341 ὅτι
610 2303 741 2342 τοῦτο
768 2296 880 2342 οὕτω
908 2300 1007 2352 ἔχει.

218 2365 278 2409 Τὰ
308 2367 384 2420 μὲν
422 2365 471 2421 δη
509 2365 692 2420 μέγιστα
731 2364 844 2409 οὕτω
883 2382 965 2423 σφι
1001 2365 1171 2423 εὕπορά
1209 2367 1318 2420 ἐστι,
1356 2366 1410 2410 τὰ
1449 2368 1494 2410 δὲ

129 2432 265 2477 λοιπὰ
290 2434 450 2487 νόμαια
474 2432 582 2475 κατὰ
607 2433 712 2475 τάδε
738 2449 820 2490 σφι
846 2433 1076 2477 διακέεται.
1126 2433 1262 2486 θεοὺς
1286 2436 1362 2489 μὲν
1386 2436 1495 2489 μού-

129 2518 227 2553 νους
251 2501 408 2545 τούσδε
435 2501 699 2552 ἱλάσκονται,
723 2498 875 2556 Ἱστίην
899 2503 976 2555 μὲν
1000 2502 1209 2555 μάλιστα,
1240 2502 1312 2545 ἐπὶ
1339 2503 1385 2546 δὲ
1412 2509 1496 2546 Δία

129 2587 175 2612 τε
205 2571 274 2612 καὶ
301 2573 400 2625 Γῆν,
432 2568 676 2622 νομίζοντες
707 2567 782 2623 τὴν
807 2573 892 2625 Γῆν
922 2573 999 2612 τοῦ
1026 2568 1131 2621 Διὸς
1163 2568 1273 2613 εἶναι
1302 2579 1493 2626 γυναῖκα,

130 2636 239 2691 μετὰ
272 2637 318 2679 δὲ
347 2637 529 2686 τούτους
555 2633 804 2679 Ἀπόλλωνά
834 2653 880 2679 τε
911 2638 982 2679 καὶ
1015 2636 1214 2694 οὐρανίην
1241 2636 1496 2695 Ἀφροδίτην

131 2708 202 2747 καὶ
222 2703 426 2761 Ἡρακλέα
457 2705 527 2747 καὶ
548 2701 681 2759 Ἄρεα.
741 2704 921 2755 τούτους
950 2705 1027 2759 μὲν
1058 2704 1219 2756 πάντες
1251 2705 1293 2748 οἱ
1323 2705 1496 2749 Σκύθαι

132 2777 395 2827 νενομίκασι,
435 2771 481 2814 αἱ
513 2772 559 2814 δὲ
589 2772 841 2827 καλεόμενοι
871 2773 1096 2829 βασιλήιοι
1127 2773 1300 2817 Σκύθαι
1332 2775 1403 2816 καὶ
1433 2777 1496 2829 τῷ

1509 689 1543 714 54

1511 1025 1544 1050 55

1515 1296 1550 1322 56

1515 1703 1549 1728 57

1519 2363 1593 2406 ω’
