1794 3282
511 245 826 281 ΗΡΟΔΟΤΟΥ
856 246 897 279 Δ.
924 244 1068 279 20—23.
1389 231 1473 274 253

103 319 290 371 χλαινοι,
321 314 425 358 ἄλλο
452 315 580 366 ἔθνος
605 317 677 358 καὶ
703 312 751 358 οὗ
778 314 1009 358 Σκυθικόν.
1069 313 1400 367 Μελαγχλαίνων
1428 310 1474 352 δὲ

105 383 156 427 τὸ
187 383 437 440 κατύπερθε
474 384 621 438 λίμναι
657 385 728 426 καὶ
760 381 917 439 ἔρημός
950 381 1041 425 ἐστι
1078 378 1343 436 ἀνθρώπων,
1381 375 1470 420 κατ’

107 448 210 495 ὅσον
234 449 359 508 ἡμεῖς
384 451 520 505 ἰ’δμεν.

198 519 353 562 Τάναϊν
385 519 432 561 δὲ
463 517 662 572 ποταμὸν
696 518 896 572 διαβάντι
928 515 1069 560 οὖκέτι
1094 514 1307 570 Σκυθική,
1342 510 1474 569 ἀλλ’ἢ

108 587 185 641 μὲν
204 587 356 642 πρώτη
377 590 462 628 τιῦν
482 587 640 638 λαξίων
654 588 970 642 Σαυροματέων
991 584 1094 635 ἔστί,
1119 586 1161 626 οἳ
1181 582 1225 625 ἐκ
1242 586 1319 625 τοῦ
1339 585 1475 636 μυχοῦ

111 652 346 710 ἀρξάμενοι
369 658 445 711 τῆς
463 653 704 709 Μαιήτιδος
729 654 878 709 λίμνης
904 656 1103 706 νέμονται
1122 649 1172 693 τὸ
1193 648 1305 706 πρὸς
1322 652 1477 705 βορέην

113 720 280 775 ἄνεμον,
311 719 500 778 ἡμερέων
525 721 830 764 πεντεκαίδεκα
857 718 971 771 ὁδόν,
999 723 1146 762 πᾶσαν
1172 717 1325 761 ἐοῦσαν
1344 714 1477 772 ψιλὴν

112 791 184 831 καὶ
211 787 369 846 ἀγρίων
395 790 466 830 καὶ
497 786 666 844 ἡμέρων
697 786 924 843 δενδρέων·
964 785 1270 844 ὑπεροικέουσι
1302 785 1349 827 δὲ
1378 784 1478 827 τού-

112 873 198 899 των
219 857 416 913 δευτέρην
436 856 557 908 λάξιν
572 855 736 909 ἔχοντες
749 856 966 906 Βουδῖνοι,
988 859 1065 911 γῆν
1085 855 1312 908 νεμόμενοι
1331 856 1478 894 πᾶσαν

115 924 273 967 δασέαν
293 921 370 980 ’ὕλῃ
391 928 590 979 παντοίῃ.
621 923 841 966 Βουδίνων
862 923 907 965 δὲ
927 922 1179 976 κατύπερθε
1195 919 1306 976 πρὸς
1324 922 1479 975 βορέην

115 990 207 1033 ἐστὶ
232 991 384 1048 πρώτη
409 991 486 1044 μὲν
513 991 669 1047 ε’ρῆμος
695 988 761 1032 ἐπ’
784 988 975 1046 ἡμερέων
1007 988 1119 1032 ἑπτὰ
1151 986 1264 1039 ὁδόν,
1297 985 1407 1041 μετὰ
1434 986 1480 1028 δὲ

112 1058 188 1115 τὴν
215 1058 370 1115 ἐρῆμον
396 1056 674 1100 ἀποκλίνοντι
703 1059 866 1112 μᾶλλον
898 1056 1009 1114 πρὸς
1042 1055 1293 1112 ἀπηλιώτην
1326 1051 1479 1108 ἄνεμον

112 1129 314 1179 νέμονται
341 1128 621 1181 Θυσσαγέται,
651 1124 780 1175 ἔθνος
805 1116 968 1167 πολλὸν
993 1125 1064 1166 καὶ
1089 1124 1220 1166 ἰ’διον·
1248 1122 1409 1174 ζώουσι
1435 1122 1481 1164 δὲ

114 1191 204 1236 ἀπὸ
236 1193 391 1250 θήρης.
455 1192 646 1246 συνεχέες
679 1193 725 1235 δὲ
754 1193 952 1235 τούτοισι
984 1191 1026 1234 ἐν
1056 1199 1174 1234 τοῖσι
1206 1187 1379 1233 αὐτοῖσι
1408 1188 1481 1232 τό-

113 1276 243 1304 ποισι
268 1264 570 1318 κατοικημένοι
595 1260 693 1312 εἰσί,
720 1268 839 1303 τοῖσι
865 1257 1028 1315 οὕνομα
1052 1263 1195 1302 κέεται
1216 1256 1382 1315 Ἰῦρκαι,
1411 1259 1482 1299 καὶ

114 1322 236 1372 οὗτοι
262 1326 350 1372 ἀπὸ
378 1329 519 1386 θήρης
545 1329 726 1381 ζώοντες
750 1328 902 1385 τρόπῳ
928 1329 1098 1385 τοιῷδε.
1149 1328 1254 1384 λοχᾷ
1290 1325 1365 1369 ἐπὶ
1391 1326 1482 1368 δέν-

115 1397 239 1452 δρεον
270 1395 451 1451 ἀναβάς,
491 1395 546 1438 τὰ
572 1397 620 1439 δέ
645 1395 737 1439 ἐστι
761 1395 901 1438 πυκνὰ
927 1394 1008 1438 ἀνὰ
1040 1399 1187 1438 πᾶσαν
1218 1393 1292 1450 τὴν
1319 1394 1481 1451 χώρην·

113 1464 255 1515 ἵππος
281 1464 327 1507 δὲ
352 1463 518 1520 ἑκάστῳ
546 1464 848 1520 δεδιδαγμένος
874 1463 948 1506 ἐπὶ
978 1466 1166 1519 γαστέρα
1190 1465 1375 1505 κέεσθαι
1407 1478 1484 1503 τα-

114 1532 371 1589 πεινότητος
390 1532 544 1575 εἵνεκεν
567 1531 740 1586 ἕτοῖμός
762 1531 854 1574 ἐστι
873 1533 944 1573 καὶ
965 1531 1096 1573 κύων·
1124 1529 1255 1573 ἐπεὰν
1278 1530 1324 1572 δὲ
1344 1527 1481 1584 ἀπίδῃ

114 1599 164 1643 τὸ
196 1604 353 1658 θηρίον
386 1597 475 1643 ἀπὸ
506 1604 584 1642 τοῦ
617 1598 835 1654 δενδρέου,
874 1599 1081 1651 τοξεύσας
1113 1599 1184 1640 καὶ
1222 1595 1379 1651 ἐπιβὰς
1411 1594 1485 1638 ἐπὶ

115 1667 190 1711 τὸν
219 1668 361 1711 ἵππον
386 1668 551 1719 διώκει,
585 1669 655 1710 καὶ
689 1665 711 1709 ὁ
743 1666 855 1710 κύων
889 1666 1044 1719 ἔχεται.
1105 1663 1214 1721 ὑπὲρ
1249 1665 1295 1707 δὲ
1319 1664 1485 1707 τούτων

116 1735 165 1779 τὸ
192 1734 304 1791 πρὸς
327 1734 401 1791 τὴν
425 1733 489 1792 ἠιῦ
516 1733 792 1778 ἀποκλίνοντι
819 1734 1008 1777 οἰκέουσι
1028 1733 1201 1777 Σκύθαι
1228 1729 1365 1783 ἄλλοι,
1394 1729 1484 1774 ἀπὸ

116 1807 203 1846 τῶν
221 1805 460 1859 βασιληίων
478 1806 685 1846 Σκυθέων
707 1800 978 1853 ἀποστάντες
999 1803 1070 1844 καὶ
1092 1799 1204 1844 οὕτω
1227 1798 1487 1854 ἀπικόμενοι

120 1871 164 1922 ές
188 1875 341 1914 τοῦτον
365 1870 440 1915 τὸν
460 1875 615 1926 χῶρον.

204 1942 341 1996 Μέχρι
363 1939 440 1993 μὲν
466 1937 516 1996 δὴ
542 1942 617 1994 τῆς
640 1937 804 1981 τούτων
829 1941 913 1980 τιῦν
938 1940 1145 1980 Σκυθέων
1174 1936 1317 1992 χώρης
1343 1935 1431 1978 ἐστὶ
1460 1932 1484 1991 ἡ

120 2008 440 2060 καταλεχθεῖσα
470 2010 595 2049 πᾶσα
626 2004 784 2055 πεδιάς
815 2021 860 2047 τε
884 2009 936 2061 γῆ
968 2007 1039 2047 καὶ
1063 2004 1333 2059 βαθύγαιος,
1367 2002 1416 2045 τὸ
1446 2001 1484 2044 δ’

122 2072 213 2117 ἀπὸ
238 2074 394 2117 τούτου
420 2073 617 2130 λιθώδης
641 2071 675 2116 τ’
694 2072 786 2116 ἐστὶ
816 2074 887 2115 καὶ
912 2072 1081 2129 τρηχέα.
1145 2070 1417 2124 διεξελθόντι
1443 2071 1489 2112 δὲ

121 2144 194 2185 καὶ
220 2146 296 2198 τῆς
319 2141 497 2198 τρηχέης
521 2145 658 2198 χῶρον
684 2140 848 2184 πολλὸν
875 2140 1065 2183 οἰκέουσι
1090 2136 1295 2193 ὑπώρεαν
1328 2135 1489 2195 οὐρέων

123 2207 304 2265 ὑψηλῶν
336 2207 572 2264 ἄνθρωποι
602 2209 825 2264 λεγόμενοι
857 2206 967 2251 εἶναι
998 2209 1158 2258 πάντες
1192 2208 1409 2264 φαλακροὶ
1446 2205 1490 2248 ἐκ

123 2281 267 2334 γενεῆς
285 2277 514 2332 γινόμενοι,
537 2278 607 2318 καὶ
629 2276 794 2332 ἔρσενες
813 2278 885 2318 καὶ
904 2276 1065 2332 θήλεαι
1080 2273 1255 2328 ὁμοίως,
1277 2275 1348 2315 καὶ
1368 2275 1490 2326 σιμοὶ

125 2346 195 2387 καὶ
221 2348 363 2400 γένεια
388 2343 552 2397 ἔχοντες
575 2344 753 2399 μεγάλα,
782 2342 927 2400 φωνην
954 2343 999 2385 δὲ
1026 2342 1137 2397 ἰδίην
1165 2342 1305 2392 ἱέντες,
1335 2340 1492 2396 ἐσθῆτι

128 2413 174 2455 δὲ
196 2412 424 2469 χρεόμενοι
447 2415 661 2468 Σκυθικῇ,
697 2411 877 2462 ζώοντες
910 2410 956 2452 δὲ
982 2407 1071 2451 ἀπὸ
1105 2409 1324 2465 δενδρέων.
1385 2423 1493 2450 πον-

126 2478 244 2523 τικὸν
268 2480 345 2534 μὲν
372 2477 534 2532 οὕνομα
558 2483 619 2534 τῷ
646 2476 828 2535 δενδρέῳ
856 2475 930 2520 ἀπ’
950 2470 998 2519 οὗ
1027 2477 1200 2528 ζώουσι,
1229 2479 1426 2531 μέγαθος
1446 2475 1492 2517 δὲ

127 2545 236 2589 κατὰ
263 2549 413 2603 συκέην
437 2545 627 2600 μάλιστά
652 2558 722 2603 κῃ·
759 2544 924 2601 καρπὸν
951 2544 997 2586 δὲ
1023 2547 1173 2601 φορέει
1204 2543 1354 2599 κυάμῳ
1381 2543 1489 2594 >ι’σον,

128 2619 298 2671 πυρῆνα
324 2615 370 2656 δὲ
396 2613 493 2667 ἔχει.
554 2618 682 2656 τοῦτο
710 2612 842 2656 ἐπεὰν
871 2615 1043 2669 γένηται
1073 2614 1228 2662 πέπον,
1264 2614 1493 2654 σακκέουσι

131 2683 356 2737 ἱματίοισι,
386 2680 592 2739 ἀπορρέει
619 2679 657 2724 δ’
676 2678 900 2726 ἀπ’,αὗτοῦ
919 2679 1033 2732 παχὺ
1054 2681 1125 2722 καὶ
1150 2681 1302 2733 μέλαν·
1330 2676 1494 2731 οὕνομα

130 2751 178 2794 δὲ
212 2754 273 2807 τῷ
311 2748 571 2807 ἀπορρέοντί
606 2749 698 2793 ἔστι
735 2746 862 2802 ἄσχυ·
911 2752 1038 2792 τοῦτο
1076 2749 1147 2790 καὶ
1189 2748 1380 2800 λείχουσι
1422 2747 1493 2788 καὶ

1501 525 1533 550 21.

1503 932 1536 956 22

1512 1948 1545 1973 23
