<?xml version="1.0" encoding="UTF-8"?>
<!DOCTYPE html PUBLIC "-//W3C//DTD XHTML 1.0 Transitional//EN"
    "http://www.w3.org/TR/xhtml1/DTD/xhtml1-transitional.dtd">
<html xmlns="http://www.w3.org/1999/xhtml" xml:lang="en" lang="en">
 <head>
  <title>
</title>
<meta http-equiv="Content-Type" content="text/html;charset=utf-8" />
  <meta name='ocr-system' content='tesseract 3.04.00' />
  <meta name='ocr-capabilities' content='ocr_page ocr_carea ocr_par ocr_line ocrx_word'/>
</head>
<body>
  <div class='ocr_page' id='page_1' title='image "./herodotihistori01herouoft_0151.png"; bbox 0 0 1794 3282; ppageno 0'>
   <div class='ocr_carea' id='block_1_1' title="bbox 104 221 1480 1773">
    <p class='ocr_par' dir='ltr' id='par_1_1' title="bbox 104 221 1480 1773">
     <span class='ocr_line' id='line_1_1' title="bbox 418 221 1476 264; baseline 0 -2"><span class='ocrx_word' id='word_1_1' title='bbox 418 228 734 264; x_wconf 75' lang='grc' dir='ltr'>ΗΡΟΔΟΤΟΥ</span> <span class='ocrx_word' id='word_1_2' title='bbox 764 230 806 264; x_wconf 87' lang='lat' dir='ltr'><strong><em>A.</em></strong></span> <span class='ocrx_word' id='word_1_3' title='bbox 833 229 911 264; x_wconf 79' lang='lat'>215.</span> <span class='ocrx_word' id='word_1_4' title='bbox 937 229 1015 264; x_wconf 76' lang='grc'><strong><em>216.</em></strong></span> <span class='ocrx_word' id='word_1_5' title='bbox 1053 230 1094 263; x_wconf 88' lang='grc' dir='ltr'><strong><em>Β.</em></strong></span> <span class='ocrx_word' id='word_1_6' title='bbox 1122 230 1152 264; x_wconf 89' lang='grc'><strong><em>1.</em></strong></span> <span class='ocrx_word' id='word_1_7' title='bbox 1422 221 1476 262; x_wconf 73' lang='grc'><strong><em>95</em></strong></span> 
     </span>
     <span class='ocr_line' id='line_1_2' title="bbox 104 296 1479 354; baseline 0.002 -16"><span class='ocrx_word' id='word_1_8' title='bbox 104 298 178 339; x_wconf 86' lang='grc' dir='ltr'><strong><em>καὶ</em></strong></span> <span class='ocrx_word' id='word_1_9' title='bbox 205 296 427 353; x_wconf 80' lang='grc' dir='ltr'><em>ζωστῆρας</em></span> <span class='ocrx_word' id='word_1_10' title='bbox 452 299 523 339; x_wconf 82' lang='grc' dir='ltr'><strong><em>καὶ</em></strong></span> <span class='ocrx_word' id='word_1_11' title='bbox 548 299 904 354; x_wconf 77' lang='grc' dir='ltr'><strong><em>μασχαλιστῆρας</em></strong></span> <span class='ocrx_word' id='word_1_12' title='bbox 925 302 1073 354; x_wconf 78' lang='grc' dir='ltr'><strong><em>χρυσῷ</em></strong></span> <span class='ocrx_word' id='word_1_13' title='bbox 1098 302 1369 352; x_wconf 89' lang='grc' dir='ltr'><strong><em>κοσμέονται.</em></strong></span> <span class='ocrx_word' id='word_1_14' title='bbox 1420 296 1479 349; x_wconf 82' lang='grc' dir='ltr'><strong><em>ὥς</em></strong></span> 
     </span>
     <span class='ocr_line' id='line_1_3' title="bbox 108 360 1478 423; baseline 0.001 -17"><span class='ocrx_word' id='word_1_15' title='bbox 108 361 147 406; x_wconf 73' lang='grc' dir='ltr'><strong><em>δ’</em></strong></span> <span class='ocrx_word' id='word_1_16' title='bbox 167 360 307 415; x_wconf 69' lang='grc' dir='ltr'><strong><em>αὕτως</em></strong></span> <span class='ocrx_word' id='word_1_17' title='bbox 331 368 416 406; x_wconf 90' lang='grc' dir='ltr'><strong><em>τῶν</em></strong></span> <span class='ocrx_word' id='word_1_18' title='bbox 441 364 593 407; x_wconf 75' lang='grc' dir='ltr'><strong><em>ἵππων</em></strong></span> <span class='ocrx_word' id='word_1_19' title='bbox 617 364 671 407; x_wconf 82' lang='grc' dir='ltr'><strong><em>τα</em></strong></span> <span class='ocrx_word' id='word_1_20' title='bbox 691 366 767 419; x_wconf 81' lang='grc' dir='ltr'><strong><em>μὲν</em></strong></span> <span class='ocrx_word' id='word_1_21' title='bbox 788 368 889 420; x_wconf 86' lang='grc' dir='ltr'><strong><em>περὶ</em></strong></span> <span class='ocrx_word' id='word_1_22' title='bbox 908 366 963 408; x_wconf 82' lang='grc' dir='ltr'><strong><em>τὰ</em></strong></span> <span class='ocrx_word' id='word_1_23' title='bbox 986 369 1138 423; x_wconf 83' lang='grc' dir='ltr'><strong><em>στέρνα</em></strong></span> <span class='ocrx_word' id='word_1_24' title='bbox 1154 368 1361 419; x_wconf 78' lang='grc' dir='ltr'><strong><em>χαλκέους</em></strong></span> <span class='ocrx_word' id='word_1_25' title='bbox 1381 366 1478 408; x_wconf 81' lang='grc' dir='ltr'><strong><em>θώ-</em></strong></span> 
     </span>
     <span class='ocr_line' id='line_1_4' title="bbox 107 431 1477 491; baseline 0.002 -18"><span class='ocrx_word' id='word_1_26' title='bbox 107 448 238 489; x_wconf 89' lang='grc' dir='ltr'><strong><em>ρηκας</em></strong></span> <span class='ocrx_word' id='word_1_27' title='bbox 262 432 591 488; x_wconf 84' lang='grc' dir='ltr'><strong><em>περιβάλλουσι,</em></strong></span> <span class='ocrx_word' id='word_1_28' title='bbox 619 431 674 475; x_wconf 82' lang='grc' dir='ltr'><strong><em>τὰ</em></strong></span> <span class='ocrx_word' id='word_1_29' title='bbox 696 434 741 475; x_wconf 82' lang='grc' dir='ltr'><strong><em>δὲ</em></strong></span> <span class='ocrx_word' id='word_1_30' title='bbox 760 436 865 491; x_wconf 84' lang='grc' dir='ltr'><strong><em>περὶ</em></strong></span> <span class='ocrx_word' id='word_1_31' title='bbox 887 432 988 484; x_wconf 73' lang='grc' dir='ltr'><strong><em>τοὺς</em></strong></span> <span class='ocrx_word' id='word_1_32' title='bbox 1003 433 1204 486; x_wconf 73' lang='grc' dir='ltr'><strong><em>χαλινοὺς</em></strong></span> <span class='ocrx_word' id='word_1_33' title='bbox 1224 435 1295 477; x_wconf 85' lang='grc' dir='ltr'><strong><em>καὶ</em></strong></span> <span class='ocrx_word' id='word_1_34' title='bbox 1317 434 1477 488; x_wconf 82' lang='grc' dir='ltr'><strong><em>στόμια</em></strong></span> 
     </span>
     <span class='ocr_line' id='line_1_5' title="bbox 107 499 1479 559; baseline 0.003 -19"><span class='ocrx_word' id='word_1_35' title='bbox 107 500 176 541; x_wconf 81' lang='grc' dir='ltr'><strong><em>καὶ</em></strong></span> <span class='ocrx_word' id='word_1_36' title='bbox 217 499 396 555; x_wconf 80' lang='grc' dir='ltr'><strong><em>φάλαρα</em></strong></span> <span class='ocrx_word' id='word_1_37' title='bbox 424 504 583 556; x_wconf 75' lang='grc' dir='ltr'><strong><em>χρυσῷ.</em></strong></span> <span class='ocrx_word' id='word_1_38' title='bbox 647 501 812 557; x_wconf 74' lang='grc' dir='ltr'><strong><em>σιδήρῳ</em></strong></span> <span class='ocrx_word' id='word_1_39' title='bbox 859 501 904 544; x_wconf 81' lang='grc' dir='ltr'><strong><em>δὲ</em></strong></span> <span class='ocrx_word' id='word_1_40' title='bbox 950 500 1043 544; x_wconf 73' lang='grc' dir='ltr'><strong><em>οὐδ’</em></strong></span> <span class='ocrx_word' id='word_1_41' title='bbox 1073 500 1244 559; x_wconf 76' lang='grc' dir='ltr'><strong><em>ἀργύρῳ</em></strong></span> <span class='ocrx_word' id='word_1_42' title='bbox 1279 505 1479 557; x_wconf 88' lang='grc' dir='ltr'><strong><em>χρέονται</em></strong></span> 
     </span>
     <span class='ocr_line' id='line_1_6' title="bbox 110 563 1476 626; baseline 0.001 -17"><span class='ocrx_word' id='word_1_43' title='bbox 110 563 253 609; x_wconf 73' lang='grc' dir='ltr'><strong><em>οὐδέν·</em></strong></span> <span class='ocrx_word' id='word_1_44' title='bbox 288 565 389 610; x_wconf 72' lang='grc' dir='ltr'><strong><em>οὐδὲ</em></strong></span> <span class='ocrx_word' id='word_1_45' title='bbox 414 569 494 624; x_wconf 84' lang='grc' dir='ltr'><strong><em>γάρ</em></strong></span> <span class='ocrx_word' id='word_1_46' title='bbox 522 584 603 625; x_wconf 69' lang='grc' dir='ltr'><strong><em>σφι</em></strong></span> <span class='ocrx_word' id='word_1_47' title='bbox 629 568 720 611; x_wconf 69' lang='grc' dir='ltr'><strong><em>ἔστι</em></strong></span> <span class='ocrx_word' id='word_1_48' title='bbox 747 568 789 611; x_wconf 74' lang='grc' dir='ltr'><strong><em>ἐν</em></strong></span> <span class='ocrx_word' id='word_1_49' title='bbox 813 573 864 625; x_wconf 78' lang='grc' dir='ltr'><strong><em>τῇ</em></strong></span> <span class='ocrx_word' id='word_1_50' title='bbox 887 569 1025 625; x_wconf 79' lang='grc' dir='ltr'><strong><em>χώρῃ,</em></strong></span> <span class='ocrx_word' id='word_1_51' title='bbox 1055 567 1077 611; x_wconf 84' lang='grc' dir='ltr'><em>ὁ</em></span> <span class='ocrx_word' id='word_1_52' title='bbox 1105 570 1151 611; x_wconf 79' lang='grc' dir='ltr'><strong><em>δὲ</em></strong></span> <span class='ocrx_word' id='word_1_53' title='bbox 1174 568 1332 626; x_wconf 80' lang='grc' dir='ltr'><strong><em>χρυσὸς</em></strong></span> <span class='ocrx_word' id='word_1_54' title='bbox 1356 570 1428 611; x_wconf 85' lang='grc' dir='ltr'><strong><em>καὶ</em></strong></span> <span class='ocrx_word' id='word_1_55' title='bbox 1454 566 1476 611; x_wconf 85' lang='grc' dir='ltr'><em>ὃ</em></span> 
     </span>
     <span class='ocr_line' id='line_1_7' title="bbox 107 632 1476 693; baseline 0.001 -17"><span class='ocrx_word' id='word_1_56' title='bbox 107 633 265 688; x_wconf 84' lang='grc' dir='ltr'><strong><em>χαλκὸς</em></strong></span> <span class='ocrx_word' id='word_1_57' title='bbox 291 632 504 691; x_wconf 21' lang='grc' dir='ltr'><strong><em>ἄπλετος.</em></strong></span> <span class='ocrx_word' id='word_1_58' title='bbox 536 636 710 690; x_wconf 76' lang='grc' dir='ltr'><strong><em>νόμοισι</em></strong></span> <span class='ocrx_word' id='word_1_59' title='bbox 738 637 783 678; x_wconf 81' lang='grc' dir='ltr'><strong><em>δὲ</em></strong></span> <span class='ocrx_word' id='word_1_60' title='bbox 805 640 1005 693; x_wconf 78' lang='grc' dir='ltr'><strong><em>χρέονται</em></strong></span> <span class='ocrx_word' id='word_1_61' title='bbox 1030 638 1253 680; x_wconf 88' lang='grc' dir='ltr'><strong><em>τοιοισίδε.</em></strong></span> <span class='ocrx_word' id='word_1_62' title='bbox 1297 645 1476 693; x_wconf 86' lang='grc' dir='ltr'><strong><em>γυναῖκα</em></strong></span> 
     </span>
     <span class='ocr_line' id='line_1_8' title="bbox 111 703 1477 761; baseline 0.001 -17"><span class='ocrx_word' id='word_1_63' title='bbox 111 703 187 756; x_wconf 83' lang='grc' dir='ltr'><strong><em>μὲν</em></strong></span> <span class='ocrx_word' id='word_1_64' title='bbox 211 707 362 758; x_wconf 84' lang='grc' dir='ltr'><strong><em>γαμέει</em></strong></span> <span class='ocrx_word' id='word_1_65' title='bbox 384 703 571 755; x_wconf 70' lang='grc' dir='ltr'><strong><em>ἕκαστος,</em></strong></span> <span class='ocrx_word' id='word_1_66' title='bbox 600 705 783 760; x_wconf 78' lang='grc' dir='ltr'><strong><em>ταύτῃσι</em></strong></span> <span class='ocrx_word' id='word_1_67' title='bbox 804 705 847 746; x_wconf 77' lang='grc' dir='ltr'><strong><em>δὲ</em></strong></span> <span class='ocrx_word' id='word_1_68' title='bbox 870 703 1066 747; x_wconf 74' lang='grc' dir='ltr'><strong><em>ἐπίκοινα</em></strong></span> <span class='ocrx_word' id='word_1_69' title='bbox 1083 704 1300 761; x_wconf 84' lang='grc' dir='ltr'><strong><em>χρέονται·</em></strong></span> <span class='ocrx_word' id='word_1_70' title='bbox 1326 703 1376 748; x_wconf 86' lang='grc' dir='ltr'><strong><em>τὸ</em></strong></span> <span class='ocrx_word' id='word_1_71' title='bbox 1396 703 1477 760; x_wconf 83' lang='grc' dir='ltr'><strong><em>γὰρ</em></strong></span> 
     </span>
     <span class='ocr_line' id='line_1_9' title="bbox 113 768 1480 827; baseline 0.001 -14"><span class='ocrx_word' id='word_1_72' title='bbox 113 771 291 821; x_wconf 88' lang='grc' dir='ltr'><strong><em>Σκύθας</em></strong></span> <span class='ocrx_word' id='word_1_73' title='bbox 322 772 431 827; x_wconf 73' lang='grc' dir='ltr'><strong><em>φασὶ</em></strong></span> <span class='ocrx_word' id='word_1_74' title='bbox 454 768 649 827; x_wconf 75' lang='grc' dir='ltr'><strong><em>Ἕλληνες</em></strong></span> <span class='ocrx_word' id='word_1_75' title='bbox 680 774 864 823; x_wconf 85' lang='grc' dir='ltr'><strong><em>ποιέειν,</em></strong></span> <span class='ocrx_word' id='word_1_76' title='bbox 902 769 951 813; x_wconf 79' lang='grc' dir='ltr'><strong><em>οὗ</em></strong></span> <span class='ocrx_word' id='word_1_77' title='bbox 983 772 1157 814; x_wconf 89' lang='grc' dir='ltr'><strong><em>Σκύθαι</em></strong></span> <span class='ocrx_word' id='word_1_78' title='bbox 1188 772 1273 814; x_wconf 84' lang='grc' dir='ltr'><strong><em>εἶσὶ</em></strong></span> <span class='ocrx_word' id='word_1_79' title='bbox 1305 772 1348 814; x_wconf 82' lang='grc' dir='ltr'><strong><em>οἱ</em></strong></span> <span class='ocrx_word' id='word_1_80' title='bbox 1378 788 1480 814; x_wconf 91' lang='grc' dir='ltr'><strong><em>ποι-</em></strong></span> 
     </span>
     <span class='ocr_line' id='line_1_10' title="bbox 115 836 1479 894; baseline 0.001 -14"><span class='ocrx_word' id='word_1_81' title='bbox 115 843 257 888; x_wconf 84' lang='grc' dir='ltr'><strong><em>εῦντες</em></strong></span> <span class='ocrx_word' id='word_1_82' title='bbox 289 836 398 880; x_wconf 72' lang='grc' dir='ltr'><strong><em>ἀλλὰ</em></strong></span> <span class='ocrx_word' id='word_1_83' title='bbox 423 841 723 892; x_wconf 78' lang='grc' dir='ltr'><strong><em>Μασσαγέται·</em></strong></span> <span class='ocrx_word' id='word_1_84' title='bbox 762 842 837 894; x_wconf 72' lang='grc' dir='ltr'><strong><em>τῆς</em></strong></span> <span class='ocrx_word' id='word_1_85' title='bbox 867 837 947 893; x_wconf 78' lang='grc' dir='ltr'><strong><em>γὰρ</em></strong></span> <span class='ocrx_word' id='word_1_86' title='bbox 980 838 1250 894; x_wconf 69' lang='grc' dir='ltr'><strong><em>ἐπιθυμήσει</em></strong></span> <span class='ocrx_word' id='word_1_87' title='bbox 1280 837 1479 894; x_wconf 82' lang='grc' dir='ltr'><strong><em>γυναικὸς</em></strong></span> 
     </span>
     <span class='ocr_line' id='line_1_11' title="bbox 113 902 1480 962; baseline -0.001 -14"><span class='ocrx_word' id='word_1_88' title='bbox 113 909 399 961; x_wconf 77' lang='grc' dir='ltr'><strong><em>Μασσαγέτης</em></strong></span> <span class='ocrx_word' id='word_1_89' title='bbox 425 902 541 960; x_wconf 77' lang='grc' dir='ltr'><strong><em>ἀνήρ,</em></strong></span> <span class='ocrx_word' id='word_1_90' title='bbox 570 904 644 947; x_wconf 85' lang='grc' dir='ltr'><strong><em>τὸν</em></strong></span> <span class='ocrx_word' id='word_1_91' title='bbox 665 909 946 961; x_wconf 77' lang='grc' dir='ltr'><strong><em>φαρετρεῶνα</em></strong></span> <span class='ocrx_word' id='word_1_92' title='bbox 967 903 1277 962; x_wconf 77' lang='grc' dir='ltr'><strong><em>ἀποκρεμάσας</em></strong></span> <span class='ocrx_word' id='word_1_93' title='bbox 1296 904 1382 962; x_wconf 87' lang='grc' dir='ltr'><strong><em>πρὸ</em></strong></span> <span class='ocrx_word' id='word_1_94' title='bbox 1405 909 1480 960; x_wconf 80' lang='grc' dir='ltr'><strong><em>τῆς</em></strong></span> 
     </span>
     <span class='ocr_line' id='line_1_12' title="bbox 113 966 1480 1029; baseline -0.001 -14"><span class='ocrx_word' id='word_1_95' title='bbox 113 971 281 1028; x_wconf 73' lang='grc' dir='ltr'><strong><em>ἁμάξης</em></strong></span> <span class='ocrx_word' id='word_1_96' title='bbox 305 976 507 1026; x_wconf 77' lang='grc' dir='ltr'><strong><em>μίσγεται</em></strong></span> <span class='ocrx_word' id='word_1_97' title='bbox 534 969 685 1023; x_wconf 80' lang='grc' dir='ltr'><strong><em>ἀδεῶς.</em></strong></span> <span class='ocrx_word' id='word_1_98' title='bbox 726 966 853 1029; x_wconf 81' lang='grc' dir='ltr'><strong><em>οὖρος</em></strong></span> <span class='ocrx_word' id='word_1_99' title='bbox 880 973 925 1015; x_wconf 81' lang='grc' dir='ltr'><strong><em>δὲ</em></strong></span> <span class='ocrx_word' id='word_1_100' title='bbox 950 970 1115 1028; x_wconf 78' lang='grc' dir='ltr'><strong><em>ἡλικίης</em></strong></span> <span class='ocrx_word' id='word_1_101' title='bbox 1142 989 1223 1029; x_wconf 79' lang='grc' dir='ltr'><strong><em>σφι</em></strong></span> <span class='ocrx_word' id='word_1_102' title='bbox 1249 976 1480 1027; x_wconf 89' lang='grc' dir='ltr'><strong><em>προκέεται</em></strong></span> 
     </span>
     <span class='ocr_line' id='line_1_13' title="bbox 113 1037 1480 1097; baseline 0.001 -16"><span class='ocrx_word' id='word_1_103' title='bbox 113 1038 242 1090; x_wconf 69' lang='grc' dir='ltr'><strong><em>ἄλλος</em></strong></span> <span class='ocrx_word' id='word_1_104' title='bbox 259 1040 335 1093; x_wconf 82' lang='grc' dir='ltr'><strong><em>μὲν</em></strong></span> <span class='ocrx_word' id='word_1_105' title='bbox 357 1037 519 1090; x_wconf 76' lang='grc' dir='ltr'><strong><em>οὐδείς·</em></strong></span> <span class='ocrx_word' id='word_1_106' title='bbox 547 1038 678 1082; x_wconf 77' lang='grc' dir='ltr'><strong><em>ἐπεὰν</em></strong></span> <span class='ocrx_word' id='word_1_107' title='bbox 701 1040 746 1082; x_wconf 84' lang='grc' dir='ltr'><strong><em>δὲ</em></strong></span> <span class='ocrx_word' id='word_1_108' title='bbox 764 1043 899 1096; x_wconf 89' lang='grc' dir='ltr'><strong><em>γέρων</em></strong></span> <span class='ocrx_word' id='word_1_109' title='bbox 913 1043 1085 1096; x_wconf 85' lang='grc' dir='ltr'><strong><em>γένηται</em></strong></span> <span class='ocrx_word' id='word_1_110' title='bbox 1104 1040 1252 1097; x_wconf 85' lang='grc' dir='ltr'><strong><em>κάρτα,</em></strong></span> <span class='ocrx_word' id='word_1_111' title='bbox 1282 1039 1324 1082; x_wconf 83' lang='grc' dir='ltr'><strong><em>οἱ</em></strong></span> <span class='ocrx_word' id='word_1_112' title='bbox 1341 1055 1480 1096; x_wconf 89' lang='grc' dir='ltr'><strong><em>προσ-</em></strong></span> 
     </span>
     <span class='ocr_line' id='line_1_14' title="bbox 110 1105 1480 1164; baseline 0.001 -16"><span class='ocrx_word' id='word_1_113' title='bbox 110 1108 284 1164; x_wconf 82' lang='grc' dir='ltr'><strong><em>ήκοντές</em></strong></span> <span class='ocrx_word' id='word_1_114' title='bbox 310 1106 352 1149; x_wconf 83' lang='grc' dir='ltr'><strong><em>οἱ</em></strong></span> <span class='ocrx_word' id='word_1_115' title='bbox 377 1107 537 1158; x_wconf 86' lang='grc' dir='ltr'><strong><em>πάντες</em></strong></span> <span class='ocrx_word' id='word_1_116' title='bbox 564 1107 848 1158; x_wconf 75' lang='grc' dir='ltr'><strong><em>συνελθόντες</em></strong></span> <span class='ocrx_word' id='word_1_117' title='bbox 873 1108 1038 1151; x_wconf 87' lang='grc' dir='ltr'><strong><em>θύουσί</em></strong></span> <span class='ocrx_word' id='word_1_118' title='bbox 1055 1125 1128 1162; x_wconf 93' lang='grc' dir='ltr'><strong><em>μιν</em></strong></span> <span class='ocrx_word' id='word_1_119' title='bbox 1147 1109 1218 1150; x_wconf 83' lang='grc' dir='ltr'><strong><em>καὶ</em></strong></span> <span class='ocrx_word' id='word_1_120' title='bbox 1240 1105 1350 1150; x_wconf 77' lang='grc' dir='ltr'><strong><em>ἄλλα</em></strong></span> <span class='ocrx_word' id='word_1_121' title='bbox 1368 1107 1480 1161; x_wconf 91' lang='grc' dir='ltr'><strong><em>πρό-</em></strong></span> 
     </span>
     <span class='ocr_line' id='line_1_15' title="bbox 110 1166 1478 1232; baseline -0.001 -14"><span class='ocrx_word' id='word_1_122' title='bbox 110 1166 224 1230; x_wconf 83' lang='grc' dir='ltr'><strong><em>βατα</em></strong></span> <span class='ocrx_word' id='word_1_123' title='bbox 261 1171 352 1229; x_wconf 74' lang='grc' dir='ltr'><strong><em>ἅμα</em></strong></span> <span class='ocrx_word' id='word_1_124' title='bbox 384 1173 519 1231; x_wconf 74' lang='grc' dir='ltr'><strong><em>αύτῷ,</em></strong></span> <span class='ocrx_word' id='word_1_125' title='bbox 560 1174 802 1231; x_wconf 79' lang='grc' dir='ltr'><strong><em>ἑψήσαντες</em></strong></span> <span class='ocrx_word' id='word_1_126' title='bbox 834 1175 880 1218; x_wconf 81' lang='grc' dir='ltr'><strong><em>δὲ</em></strong></span> <span class='ocrx_word' id='word_1_127' title='bbox 909 1175 964 1218; x_wconf 83' lang='grc' dir='ltr'><strong><em>τὰ</em></strong></span> <span class='ocrx_word' id='word_1_128' title='bbox 995 1179 1097 1232; x_wconf 84' lang='grc' dir='ltr'><strong><em>κρέα</em></strong></span> <span class='ocrx_word' id='word_1_129' title='bbox 1127 1178 1478 1228; x_wconf 80' lang='grc' dir='ltr'><strong><em>κατευωχέονται.</em></strong></span> 
     </span>
     <span class='ocr_line' id='line_1_16' title="bbox 111 1241 1478 1300; baseline -0.001 -15"><span class='ocrx_word' id='word_1_130' title='bbox 111 1248 247 1286; x_wconf 83' lang='grc' dir='ltr'><strong><em>ταῦτα</em></strong></span> <span class='ocrx_word' id='word_1_131' title='bbox 271 1243 348 1297; x_wconf 83' lang='grc' dir='ltr'><strong><em>μὲν</em></strong></span> <span class='ocrx_word' id='word_1_132' title='bbox 372 1242 427 1285; x_wconf 83' lang='grc' dir='ltr'><strong><em>τὰ</em></strong></span> <span class='ocrx_word' id='word_1_133' title='bbox 453 1241 703 1298; x_wconf 80' lang='grc' dir='ltr'><strong><em>ὀλβιώτατά</em></strong></span> <span class='ocrx_word' id='word_1_134' title='bbox 736 1259 817 1300; x_wconf 81' lang='grc' dir='ltr'><strong><em>σφι</em></strong></span> <span class='ocrx_word' id='word_1_135' title='bbox 848 1243 1115 1297; x_wconf 87' lang='grc' dir='ltr'><strong><em>νενόμισται,</em></strong></span> <span class='ocrx_word' id='word_1_136' title='bbox 1154 1242 1228 1286; x_wconf 86' lang='grc' dir='ltr'><strong><em>τὸν</em></strong></span> <span class='ocrx_word' id='word_1_137' title='bbox 1260 1243 1306 1285; x_wconf 83' lang='grc' dir='ltr'><strong><em>δὲ</em></strong></span> <span class='ocrx_word' id='word_1_138' title='bbox 1336 1242 1478 1298; x_wconf 81' lang='grc' dir='ltr'><strong><em>νούσῳ</em></strong></span> 
     </span>
     <span class='ocr_line' id='line_1_17' title="bbox 110 1308 1479 1368; baseline -0.001 -14"><span class='ocrx_word' id='word_1_139' title='bbox 110 1311 422 1367; x_wconf 82' lang='grc' dir='ltr'><strong><em>τελευτήσαντα</em></strong></span> <span class='ocrx_word' id='word_1_140' title='bbox 448 1308 497 1353; x_wconf 80' lang='grc' dir='ltr'><strong><em>οὗ</em></strong></span> <span class='ocrx_word' id='word_1_141' title='bbox 524 1315 852 1354; x_wconf 80' lang='grc' dir='ltr'><strong><em>κατασιτέονται</em></strong></span> <span class='ocrx_word' id='word_1_142' title='bbox 878 1310 987 1354; x_wconf 75' lang='grc' dir='ltr'><strong><em>ἀλλὰ</em></strong></span> <span class='ocrx_word' id='word_1_143' title='bbox 1011 1315 1062 1368; x_wconf 79' lang='grc' dir='ltr'><strong><em>γῇ</em></strong></span> <span class='ocrx_word' id='word_1_144' title='bbox 1088 1311 1342 1367; x_wconf 78' lang='grc' dir='ltr'><strong><em>κρύπτουσι,</em></strong></span> <span class='ocrx_word' id='word_1_145' title='bbox 1372 1327 1479 1364; x_wconf 86' lang='grc' dir='ltr'><strong><em>συμ-</em></strong></span> 
     </span>
     <span class='ocr_line' id='line_1_18' title="bbox 111 1376 1480 1436; baseline -0.001 -14"><span class='ocrx_word' id='word_1_146' title='bbox 111 1378 250 1436; x_wconf 79' lang='grc' dir='ltr'><strong><em>φορὴν</em></strong></span> <span class='ocrx_word' id='word_1_147' title='bbox 275 1378 529 1432; x_wconf 79' lang='grc' dir='ltr'><strong><em>ποιεύμενοι</em></strong></span> <span class='ocrx_word' id='word_1_148' title='bbox 550 1376 618 1422; x_wconf 80' lang='grc' dir='ltr'><strong><em>ὅτι</em></strong></span> <span class='ocrx_word' id='word_1_149' title='bbox 640 1377 715 1421; x_wconf 76' lang='grc' dir='ltr'><strong><em>οὐκ</em></strong></span> <span class='ocrx_word' id='word_1_150' title='bbox 734 1379 850 1422; x_wconf 80' lang='grc' dir='ltr'><strong><em>ἵκετο</em></strong></span> <span class='ocrx_word' id='word_1_151' title='bbox 873 1378 915 1430; x_wconf 74' lang='grc' dir='ltr'><strong><em>ἐς</em></strong></span> <span class='ocrx_word' id='word_1_152' title='bbox 934 1378 983 1422; x_wconf 87' lang='grc' dir='ltr'><strong><em>τὸ</em></strong></span> <span class='ocrx_word' id='word_1_153' title='bbox 1005 1383 1208 1435; x_wconf 75' lang='grc' dir='ltr'><strong><em>τυθῆναι.</em></strong></span> <span class='ocrx_word' id='word_1_154' title='bbox 1247 1383 1480 1436; x_wconf 77' lang='grc' dir='ltr'><strong><em>σπείρουσι</em></strong></span> 
     </span>
     <span class='ocr_line' id='line_1_19' title="bbox 112 1444 1479 1503; baseline -0.001 -14"><span class='ocrx_word' id='word_1_155' title='bbox 112 1448 158 1489; x_wconf 84' lang='grc' dir='ltr'><strong><em>δὲ</em></strong></span> <span class='ocrx_word' id='word_1_156' title='bbox 190 1445 331 1499; x_wconf 75' lang='grc' dir='ltr'><strong><em>οὐδέν,</em></strong></span> <span class='ocrx_word' id='word_1_157' title='bbox 372 1444 460 1488; x_wconf 72' lang='grc' dir='ltr'><strong><em>ἀλλ’</em></strong></span> <span class='ocrx_word' id='word_1_158' title='bbox 485 1444 574 1490; x_wconf 71' lang='grc' dir='ltr'><strong><em>ἀπὸ</em></strong></span> <span class='ocrx_word' id='word_1_159' title='bbox 608 1450 790 1503; x_wconf 76' lang='grc' dir='ltr'><strong><em>κτηνέων</em></strong></span> <span class='ocrx_word' id='word_1_160' title='bbox 823 1447 983 1498; x_wconf 79' lang='grc' dir='ltr'><strong><em>ζώουσι</em></strong></span> <span class='ocrx_word' id='word_1_161' title='bbox 1019 1449 1090 1489; x_wconf 83' lang='grc' dir='ltr'><strong><em>καὶ</em></strong></span> <span class='ocrx_word' id='word_1_162' title='bbox 1129 1446 1314 1500; x_wconf 81' lang='grc' dir='ltr'><strong><em>ἰχθύων·</em></strong></span> <span class='ocrx_word' id='word_1_163' title='bbox 1354 1446 1396 1489; x_wconf 80' lang='grc' dir='ltr'><strong><em>οἱ</em></strong></span> <span class='ocrx_word' id='word_1_164' title='bbox 1433 1446 1479 1488; x_wconf 82' lang='grc' dir='ltr'><strong><em>δὲ</em></strong></span> 
     </span>
     <span class='ocr_line' id='line_1_20' title="bbox 112 1512 1479 1571; baseline -0.001 -15"><span class='ocrx_word' id='word_1_165' title='bbox 112 1512 310 1571; x_wconf 70' lang='grc' dir='ltr'><strong><em>ἄφθονοί</em></strong></span> <span class='ocrx_word' id='word_1_166' title='bbox 351 1530 433 1570; x_wconf 79' lang='grc' dir='ltr'><strong><em>σφι</em></strong></span> <span class='ocrx_word' id='word_1_167' title='bbox 477 1513 520 1555; x_wconf 78' lang='grc' dir='ltr'><strong><em>ἔκ</em></strong></span> <span class='ocrx_word' id='word_1_168' title='bbox 561 1519 638 1556; x_wconf 84' lang='grc' dir='ltr'><strong><em>τοῦ</em></strong></span> <span class='ocrx_word' id='word_1_169' title='bbox 673 1513 855 1571; x_wconf 58' lang='grc' dir='ltr'><strong><em>Ἀράξεω</em></strong></span> <span class='ocrx_word' id='word_1_170' title='bbox 899 1519 1100 1568; x_wconf 85' lang='grc' dir='ltr'><strong><em>ποταμοῦ</em></strong></span> <span class='ocrx_word' id='word_1_171' title='bbox 1144 1517 1479 1571; x_wconf 86' lang='grc' dir='ltr'><strong><em>παραγίνονται·</em></strong></span> 
     </span>
     <span class='ocr_line' id='line_1_21' title="bbox 111 1579 1477 1638; baseline -0.001 -15"><span class='ocrx_word' id='word_1_172' title='bbox 111 1582 437 1637; x_wconf 84' lang='grc' dir='ltr'><strong><em>γαλακτοπόται</em></strong></span> <span class='ocrx_word' id='word_1_173' title='bbox 470 1581 516 1623; x_wconf 87' lang='grc' dir='ltr'><strong><em>δέ</em></strong></span> <span class='ocrx_word' id='word_1_174' title='bbox 547 1581 645 1624; x_wconf 84' lang='grc' dir='ltr'><strong><em>εἶσι.</em></strong></span> <span class='ocrx_word' id='word_1_175' title='bbox 695 1586 815 1625; x_wconf 87' lang='grc' dir='ltr'><strong><em>θεῶν</em></strong></span> <span class='ocrx_word' id='word_1_176' title='bbox 850 1582 895 1624; x_wconf 83' lang='grc' dir='ltr'><strong><em>δὲ</em></strong></span> <span class='ocrx_word' id='word_1_177' title='bbox 919 1586 1078 1636; x_wconf 83' lang='grc' dir='ltr'><strong><em>μοῦνον</em></strong></span> <span class='ocrx_word' id='word_1_178' title='bbox 1109 1579 1232 1638; x_wconf 74' lang='grc' dir='ltr'><strong><em>ἥλιον</em></strong></span> <span class='ocrx_word' id='word_1_179' title='bbox 1265 1585 1477 1636; x_wconf 77' lang='grc' dir='ltr'><strong><em>σέβονται,</em></strong></span> 
     </span>
     <span class='ocr_line' id='line_1_22' title="bbox 111 1642 1480 1706; baseline -0.002 -14"><span class='ocrx_word' id='word_1_180' title='bbox 111 1654 173 1706; x_wconf 74' lang='grc' dir='ltr'><strong><em>τῷ</em></strong></span> <span class='ocrx_word' id='word_1_181' title='bbox 198 1649 363 1692; x_wconf 88' lang='grc' dir='ltr'><strong><em>θύουσι</em></strong></span> <span class='ocrx_word' id='word_1_182' title='bbox 389 1649 569 1700; x_wconf 81' lang='grc' dir='ltr'><strong><em>ἵππους.</em></strong></span> <span class='ocrx_word' id='word_1_183' title='bbox 590 1649 706 1701; x_wconf 87' lang='grc' dir='ltr'><strong><em>νόος</em></strong></span> <span class='ocrx_word' id='word_1_184' title='bbox 732 1649 778 1691; x_wconf 82' lang='grc' dir='ltr'><strong><em>δὲ</em></strong></span> <span class='ocrx_word' id='word_1_185' title='bbox 805 1642 932 1700; x_wconf 72' lang='grc' dir='ltr'><strong><em>οὗτος</em></strong></span> <span class='ocrx_word' id='word_1_186' title='bbox 951 1653 1026 1706; x_wconf 74' lang='grc' dir='ltr'><strong><em>τῆς</em></strong></span> <span class='ocrx_word' id='word_1_187' title='bbox 1047 1652 1228 1705; x_wconf 83' lang='grc' dir='ltr'><strong><em>θυσίης·</em></strong></span> <span class='ocrx_word' id='word_1_188' title='bbox 1255 1653 1340 1691; x_wconf 88' lang='grc' dir='ltr'><strong><em>τῶν</em></strong></span> <span class='ocrx_word' id='word_1_189' title='bbox 1361 1652 1480 1691; x_wconf 85' lang='grc' dir='ltr'><strong><em>θεῶν</em></strong></span> 
     </span>
     <span class='ocr_line' id='line_1_23' title="bbox 112 1716 1478 1773; baseline -0.001 -13"><span class='ocrx_word' id='word_1_190' title='bbox 112 1721 173 1773; x_wconf 76' lang='grc' dir='ltr'><strong><em>τῷ</em></strong></span> <span class='ocrx_word' id='word_1_191' title='bbox 199 1720 387 1772; x_wconf 82' lang='grc' dir='ltr'><strong><em>ταχίστῳ</em></strong></span> <span class='ocrx_word' id='word_1_192' title='bbox 414 1716 589 1760; x_wconf 84' lang='grc' dir='ltr'><strong><em>πάντων</em></strong></span> <span class='ocrx_word' id='word_1_193' title='bbox 613 1721 698 1759; x_wconf 91' lang='grc' dir='ltr'><strong><em>τῶν</em></strong></span> <span class='ocrx_word' id='word_1_194' title='bbox 724 1720 898 1771; x_wconf 85' lang='grc' dir='ltr'><strong><em>θνητῶν</em></strong></span> <span class='ocrx_word' id='word_1_195' title='bbox 923 1716 973 1761; x_wconf 87' lang='grc' dir='ltr'><strong><em>τὸ</em></strong></span> <span class='ocrx_word' id='word_1_196' title='bbox 1001 1717 1203 1770; x_wconf 85' lang='grc' dir='ltr'><strong><em>τάχιστον</em></strong></span> <span class='ocrx_word' id='word_1_197' title='bbox 1237 1717 1478 1759; x_wconf 88' lang='grc' dir='ltr'><strong><em>δατέονται.</em></strong></span> 
     </span>
    </p>
   </div>
   <div class='ocr_carea' id='block_1_2' title="bbox 770 2025 820 2066">
    <p class='ocr_par' dir='ltr' id='par_1_2' title="bbox 770 2025 820 2066">
     <span class='ocr_line' id='line_1_24' title="bbox 770 2025 820 2066; baseline 0.02 -1"><span class='ocrx_word' id='word_1_198' title='bbox 770 2025 820 2066; x_wconf 86' lang='grc' dir='ltr'><strong><em>Β.</em></strong></span> 
     </span>
    </p>
   </div>
   <div class='ocr_carea' id='block_1_3' title="bbox 119 2189 1486 2789">
    <p class='ocr_par' dir='ltr' id='par_1_3' title="bbox 119 2189 1486 2789">
     <span class='ocr_line' id='line_1_25' title="bbox 209 2189 1482 2248; baseline -0.002 -14"><span class='ocrx_word' id='word_1_199' title='bbox 209 2191 548 2248; x_wconf 83' lang='grc' dir='ltr'><strong><em>Τελευτήσαντος</em></strong></span> <span class='ocrx_word' id='word_1_200' title='bbox 564 2191 607 2233; x_wconf 80' lang='grc' dir='ltr'><strong><em>δὲ</em></strong></span> <span class='ocrx_word' id='word_1_201' title='bbox 625 2190 769 2246; x_wconf 85' lang='grc' dir='ltr'><strong><em>Κύρου</em></strong></span> <span class='ocrx_word' id='word_1_202' title='bbox 786 2192 1005 2246; x_wconf 83' lang='grc' dir='ltr'><strong><em>παρέλαβε</em></strong></span> <span class='ocrx_word' id='word_1_203' title='bbox 1026 2189 1100 2246; x_wconf 75' lang='grc' dir='ltr'><strong><em>τὴν</em></strong></span> <span class='ocrx_word' id='word_1_204' title='bbox 1119 2192 1348 2246; x_wconf 84' lang='grc' dir='ltr'><strong><em>βασιληίην</em></strong></span> <span class='ocrx_word' id='word_1_205' title='bbox 1360 2197 1482 2244; x_wconf 88' lang='grc' dir='ltr'><strong><em>Καμ-</em></strong></span> 
     </span>
     <span class='ocr_line' id='line_1_26' title="bbox 119 2257 1481 2315; baseline -0.001 -14"><span class='ocrx_word' id='word_1_206' title='bbox 119 2258 266 2314; x_wconf 82' lang='grc' dir='ltr'><strong><em>βύσης,</em></strong></span> <span class='ocrx_word' id='word_1_207' title='bbox 294 2259 437 2315; x_wconf 85' lang='grc' dir='ltr'><strong><em>Κύρου</em></strong></span> <span class='ocrx_word' id='word_1_208' title='bbox 466 2257 545 2301; x_wconf 74' lang='grc' dir='ltr'><strong><em>ἐῶν</em></strong></span> <span class='ocrx_word' id='word_1_209' title='bbox 565 2267 672 2308; x_wconf 83' lang='grc' dir='ltr'><strong><em>παῖς</em></strong></span> <span class='ocrx_word' id='word_1_210' title='bbox 693 2260 763 2300; x_wconf 81' lang='grc' dir='ltr'><strong><em>καὶ</em></strong></span> <span class='ocrx_word' id='word_1_211' title='bbox 784 2258 1094 2313; x_wconf 76' lang='grc' dir='ltr'><strong><em>Κασσανδάνης</em></strong></span> <span class='ocrx_word' id='word_1_212' title='bbox 1112 2262 1188 2313; x_wconf 72' lang='grc' dir='ltr'><strong><em>τῆς</em></strong></span> <span class='ocrx_word' id='word_1_213' title='bbox 1212 2257 1481 2313; x_wconf 85' lang='grc' dir='ltr'><strong><em>Φαρνάσπεω</em></strong></span> 
     </span>
     <span class='ocr_line' id='line_1_27' title="bbox 121 2323 1484 2383; baseline -0.001 -15"><span class='ocrx_word' id='word_1_214' title='bbox 121 2326 354 2381; x_wconf 80' lang='grc' dir='ltr'><strong><em>θυγατρός,</em></strong></span> <span class='ocrx_word' id='word_1_215' title='bbox 380 2330 455 2381; x_wconf 76' lang='grc' dir='ltr'><strong><em>τῆς</em></strong></span> <span class='ocrx_word' id='word_1_216' title='bbox 469 2326 875 2383; x_wconf 86' lang='grc' dir='ltr'><strong><em>προαποθανούσης</em></strong></span> <span class='ocrx_word' id='word_1_217' title='bbox 888 2330 1028 2382; x_wconf 80' lang='grc' dir='ltr'><strong><em>Κῦρος</em></strong></span> <span class='ocrx_word' id='word_1_218' title='bbox 1050 2323 1179 2376; x_wconf 76' lang='grc' dir='ltr'><strong><em>αὐτός</em></strong></span> <span class='ocrx_word' id='word_1_219' title='bbox 1194 2342 1238 2367; x_wconf 91' lang='grc' dir='ltr'><strong><em>τε</em></strong></span> <span class='ocrx_word' id='word_1_220' title='bbox 1258 2323 1368 2380; x_wconf 87' lang='grc' dir='ltr'><strong><em>μέγα</em></strong></span> <span class='ocrx_word' id='word_1_221' title='bbox 1381 2324 1484 2367; x_wconf 90' lang='grc' dir='ltr'><strong><em>πέν-</em></strong></span> 
     </span>
     <span class='ocr_line' id='line_1_28' title="bbox 124 2385 1484 2450; baseline -0.001 -15"><span class='ocrx_word' id='word_1_222' title='bbox 124 2397 208 2443; x_wconf 84' lang='grc' dir='ltr'><strong><em>θος</em></strong></span> <span class='ocrx_word' id='word_1_223' title='bbox 234 2392 471 2449; x_wconf 75' lang='grc' dir='ltr'><strong><em>ἐποιήσατο</em></strong></span> <span class='ocrx_word' id='word_1_224' title='bbox 496 2396 568 2435; x_wconf 80' lang='grc' dir='ltr'><strong><em>καὶ</em></strong></span> <span class='ocrx_word' id='word_1_225' title='bbox 593 2401 708 2436; x_wconf 91' lang='grc' dir='ltr'><strong><em>τοῖσι</em></strong></span> <span class='ocrx_word' id='word_1_226' title='bbox 735 2391 906 2436; x_wconf 77' lang='grc' dir='ltr'><strong><em>ἄλλοισι</em></strong></span> <span class='ocrx_word' id='word_1_227' title='bbox 931 2401 1119 2450; x_wconf 88' lang='grc' dir='ltr'><strong><em>προεῖπε</em></strong></span> <span class='ocrx_word' id='word_1_228' title='bbox 1144 2396 1257 2435; x_wconf 81' lang='grc' dir='ltr'><strong><em>πᾶσι</em></strong></span> <span class='ocrx_word' id='word_1_229' title='bbox 1276 2396 1360 2434; x_wconf 89' lang='grc' dir='ltr'><strong><em>τῶν</em></strong></span> <span class='ocrx_word' id='word_1_230' title='bbox 1385 2385 1484 2448; x_wconf 76' lang='grc' dir='ltr'><strong><em>ἦρχε</em></strong></span> 
     </span>
     <span class='ocr_line' id='line_1_29' title="bbox 124 2458 1484 2516; baseline -0.001 -13"><span class='ocrx_word' id='word_1_231' title='bbox 124 2460 291 2511; x_wconf 82' lang='grc' dir='ltr'><strong><em>πένθος</em></strong></span> <span class='ocrx_word' id='word_1_232' title='bbox 316 2460 566 2504; x_wconf 86' lang='grc' dir='ltr'><strong><em>ποιέεσθαι.</em></strong></span> <span class='ocrx_word' id='word_1_233' title='bbox 604 2461 762 2516; x_wconf 87' lang='grc' dir='ltr'><strong><em>ταύτης</em></strong></span> <span class='ocrx_word' id='word_1_234' title='bbox 788 2459 838 2514; x_wconf 63' lang='grc' dir='ltr'><strong><em>δ’)</em></strong></span> <span class='ocrx_word' id='word_1_235' title='bbox 859 2465 932 2516; x_wconf 84' lang='grc' dir='ltr'><strong><em>τῆς</em></strong></span> <span class='ocrx_word' id='word_1_236' title='bbox 956 2459 1155 2515; x_wconf 86' lang='grc' dir='ltr'><strong><em>γυναικὸς</em></strong></span> <span class='ocrx_word' id='word_1_237' title='bbox 1181 2458 1261 2502; x_wconf 64' lang='lat' dir='ltr'><strong><em>{dm</em></strong></span> <span class='ocrx_word' id='word_1_238' title='bbox 1286 2467 1394 2515; x_wconf 85' lang='grc' dir='ltr'><strong><em>παῖς</em></strong></span> <span class='ocrx_word' id='word_1_239' title='bbox 1412 2461 1484 2501; x_wconf 85' lang='grc' dir='ltr'><strong><em>καὶ</em></strong></span> 
     </span>
     <span class='ocr_line' id='line_1_30' title="bbox 124 2524 1485 2583; baseline -0.002 -12"><span class='ocrx_word' id='word_1_240' title='bbox 124 2529 267 2583; x_wconf 85' lang='grc' dir='ltr'><strong><em>Κύρου</em></strong></span> <span class='ocrx_word' id='word_1_241' title='bbox 293 2528 529 2583; x_wconf 79' lang='grc' dir='ltr'><strong><em>Καμβύσης</em></strong></span> <span class='ocrx_word' id='word_1_242' title='bbox 545 2525 692 2578; x_wconf 68' lang='grc' dir='ltr'><strong><em>Ἴωνας</em></strong></span> <span class='ocrx_word' id='word_1_243' title='bbox 716 2528 792 2581; x_wconf 74' lang='grc' dir='ltr'><strong><em>μὲν</em></strong></span> <span class='ocrx_word' id='word_1_244' title='bbox 817 2529 887 2569; x_wconf 85' lang='grc' dir='ltr'><strong><em>καὶ</em></strong></span> <span class='ocrx_word' id='word_1_245' title='bbox 905 2526 1092 2577; x_wconf 84' lang='grc' dir='ltr'><strong><em>Αἰολέας</em></strong></span> <span class='ocrx_word' id='word_1_246' title='bbox 1119 2524 1177 2577; x_wconf 84' lang='grc' dir='ltr'><strong><em>ῶς</em></strong></span> <span class='ocrx_word' id='word_1_247' title='bbox 1198 2526 1379 2577; x_wconf 86' lang='grc' dir='ltr'><strong><em>δούλους</em></strong></span> <span class='ocrx_word' id='word_1_248' title='bbox 1398 2543 1485 2569; x_wconf 90' lang='grc' dir='ltr'><strong><em>πα-</em></strong></span> 
     </span>
     <span class='ocr_line' id='line_1_31' title="bbox 125 2593 1486 2651; baseline -0.002 -12"><span class='ocrx_word' id='word_1_249' title='bbox 125 2599 309 2651; x_wconf 89' lang='grc' dir='ltr'><strong><em>τρωίους</em></strong></span> <span class='ocrx_word' id='word_1_250' title='bbox 335 2595 482 2646; x_wconf 75' lang='grc' dir='ltr'><strong><em>ἐόντας</em></strong></span> <span class='ocrx_word' id='word_1_251' title='bbox 508 2594 687 2649; x_wconf 74' lang='grc' dir='ltr'><strong><em>ἐνόμιζε,</em></strong></span> <span class='ocrx_word' id='word_1_252' title='bbox 717 2595 789 2637; x_wconf 78' lang='grc' dir='ltr'><strong><em>ἐπὶ</em></strong></span> <span class='ocrx_word' id='word_1_253' title='bbox 817 2595 863 2637; x_wconf 90' lang='grc' dir='ltr'><strong><em>δε</em></strong></span> <span class='ocrx_word' id='word_1_254' title='bbox 881 2594 1106 2649; x_wconf 81' lang='grc' dir='ltr'><strong><em>Αἴγυπτον</em></strong></span> <span class='ocrx_word' id='word_1_255' title='bbox 1133 2593 1329 2637; x_wconf 76' lang='grc' dir='ltr'><strong><em>ἐποιέετο</em></strong></span> <span class='ocrx_word' id='word_1_256' title='bbox 1355 2610 1486 2651; x_wconf 92' lang='grc' dir='ltr'><strong><em>στρα-</em></strong></span> 
     </span>
     <span class='ocr_line' id='line_1_32' title="bbox 126 2655 1485 2724; baseline -0.001 -18"><span class='ocrx_word' id='word_1_257' title='bbox 126 2665 330 2720; x_wconf 89' lang='grc' dir='ltr'><strong><em>τηλασίην</em></strong></span> <span class='ocrx_word' id='word_1_258' title='bbox 346 2662 501 2714; x_wconf 77' lang='grc' dir='ltr'><strong><em>ἄλλους</em></strong></span> <span class='ocrx_word' id='word_1_259' title='bbox 519 2679 565 2705; x_wconf 91' lang='grc' dir='ltr'><strong><em>τε</em></strong></span> <span class='ocrx_word' id='word_1_260' title='bbox 585 2661 852 2724; x_wconf 72' lang='grc' dir='ltr'><strong><em>παραλαβών</em></strong></span> <span class='ocrx_word' id='word_1_261' title='bbox 872 2666 955 2705; x_wconf 88' lang='grc' dir='ltr'><strong><em>τῶν</em></strong></span> <span class='ocrx_word' id='word_1_262' title='bbox 976 2655 1072 2718; x_wconf 75' lang='grc' dir='ltr'><strong><em>ἦρχε</em></strong></span> <span class='ocrx_word' id='word_1_263' title='bbox 1095 2664 1163 2705; x_wconf 84' lang='grc' dir='ltr'><strong><em>καὶ</em></strong></span> <span class='ocrx_word' id='word_1_264' title='bbox 1187 2660 1236 2718; x_wconf 74' lang='grc' dir='ltr'><strong><em>δὴ</em></strong></span> <span class='ocrx_word' id='word_1_265' title='bbox 1258 2663 1328 2705; x_wconf 84' lang='grc' dir='ltr'><strong><em>καὶ</em></strong></span> <span class='ocrx_word' id='word_1_266' title='bbox 1343 2659 1485 2719; x_wconf 81' lang='grc' dir='ltr'><strong><em>Ἑλλή-</em></strong></span> 
     </span>
     <span class='ocr_line' id='line_1_33' title="bbox 128 2731 589 2789; baseline -0.004 -13"><span class='ocrx_word' id='word_1_267' title='bbox 128 2750 210 2777; x_wconf 87' lang='grc' dir='ltr'><strong><em>νων</em></strong></span> <span class='ocrx_word' id='word_1_268' title='bbox 234 2736 319 2775; x_wconf 90' lang='grc' dir='ltr'><strong><em>τῶν</em></strong></span> <span class='ocrx_word' id='word_1_269' title='bbox 347 2731 589 2789; x_wconf 74' lang='grc' dir='ltr'><strong><em>ἐπεκράτεε.</em></strong></span> 
     </span>
    </p>
   </div>
   <div class='ocr_carea' id='block_1_4' title="bbox 1501 648 1550 674">
    <p class='ocr_par' dir='ltr' id='par_1_4' title="bbox 1501 648 1550 674">
     <span class='ocr_line' id='line_1_34' title="bbox 1501 648 1550 674; baseline 0 0"><span class='ocrx_word' id='word_1_270' title='bbox 1501 648 1550 674; x_wconf 82' lang='grc'><strong><em>216</em></strong></span> 
     </span>
    </p>
   </div>
  </div>
 </body>
</html>
