1794 3282
529 245 847 281 ΗΡΟΔΟΤΟΥ
877 246 919 279 A.
945 244 1091 279 61—63.
1439 234 1495 276 25

134 315 181 359 οὗ
202 315 466 371 βουλόμενός
481 314 522 357 οἱ
540 318 747 369 γενέσθαι
768 314 812 357 ἐκ
831 318 905 370 τῆς
925 313 1135 369 νεογάμου
1155 304 1355 368 γυναικὸς
1374 316 1497 355 τέκνα

134 383 332 439 ἐμίσγετό
362 382 404 425 οἱ
429 380 478 425 οὗ
505 381 616 426 κατὰ
641 383 784 437 νόμον.
844 381 900 425 τὰ
929 386 1006 436 μέν
1037 399 1108 424 νυν
1132 385 1288 436 πρῶτα
1315 381 1497 437 ἔκρυπτε

130 456 268 494 ταῦτα
292 449 316 506 ἡ
342 450 457 507 γυνή,
484 449 594 505 μετὰ
621 450 667 493 δὲ
693 450 778 493 εἴτε
805 449 1030 506 ἱστορεύσῃ
1058 450 1143 492 εἴτε
1167 451 1240 491 καὶ
1267 447 1317 491 οὒ
1341 448 1497 505 ([ράζει

130 523 182 576 τῇ
209 518 370 574 ἑωυτῆς
393 522 535 574 μητρί,
563 516 587 574 ἡ
623 518 668 560 δὲ
698 522 758 574 τῷ
792 516 928 574 ἀνδρί.
988 517 1062 560 τὸν
1095 518 1140 560 δὲ
1172 517 1310 560 δεινόν
1334 534 1378 559 τι
1404 515 1498 569 ἴσχε

133 584 431 641 ἀτιμάζεσθαι
456 584 569 643 πρὸς
588 586 919 640 Πεισιστράτου.
949 582 1061 642 ’ὀργῇ
1090 586 1135 627 δὲ
1161 583 1219 636 ῶς
1239 583 1322 638 εἶχε
1341 585 1499 627 καταλ-

131 654 320 697 λάσσετο
345 652 420 711 τὴν
447 653 606 710 ἔχθρην
630 661 747 696 τοῖσι
774 653 1055 709 στασιώτῃσι.
1099 652 1258 706 μαθων
1285 653 1331 695 δὲ
1350 650 1373 695 5
1397 660 1500 695 Πει-

92 740 94 743 ’
133 726 363 777 σίστρατσς
394 721 448 764 τὰ
480 721 721 775 ποιεύμενα
755 719 821 763 ἐπ’
847 720 994 776 ἑωυτῷ
1021 718 1329 763 ἀπαλλάσσετο
1357 719 1400 762 ἐκ
1423 723 1500 775 τῆς

129 790 273 847 χώρης
292 788 340 832 τὸ
362 789 587 844 παράπαν,
617 786 880 842 ἀπικόμενος
900 788 945 830 δὲ
966 786 1008 838 ἐς
1018 785 1232 844 Ἐρέτριαν
1247 787 1499 842 ἐβουλεύετο

135 855 226 912 ἅμα
249 866 366 900 τοῖσι
390 860 534 899 παισί.
567 854 746 899 Ἱππίεω
774 855 820 898 δὲ
843 855 1013 910 γνώμην
1038 855 1288 911 νικήσαντος
1314 852 1498 897 ἀνακτᾶ-

134 930 246 969 σθαι
272 923 416 967 ὀπίσω
443 922 517 980 τὴν
542 924 791 980 τυραννίδα,
827 922 1019 966 ἐνθαῦτα
1043 920 1211 979 ἤγειρον
1244 923 1427 971 δωτίνας
1453 921 1498 963 ἐκ

132 997 216 1034 τῶν
242 993 408 1034 πολίων
435 991 596 1042 αἵτινές
623 1007 703 1048 σφι
728 990 1016 1046 προαιδέοντό
1043 990 1118 1033 κού
1145 1008 1201 1032 τι.
1251 991 1426 1033 πολλῶν
1453 989 1499 1031 δὲ

133 1059 301 1116 μεγάλα
348 1059 662 1115 παρασχόντων
695 1059 912 1115 χρήματα,
960 1062 1143 1115 Θηβαῖοι
1179 1056 1500 1114 ὑπερεβάλοντο

133 1132 184 1185 τῇ
212 1127 311 1171 δόσι
335 1131 422 1170 τῶν
445 1127 689 1183 χρημάτων.
727 1125 837 1181 μετὰ
864 1127 921 1177 δέ,
952 1125 1000 1168 οὗ
1028 1128 1177 1182 πολλῷ
1204 1127 1317 1182 λόγῳ
1346 1125 1497 1176 εἰπεῖν,

131 1195 284 1252 χρόνος
317 1195 444 1252 διέφυ
476 1196 548 1237 καὶ
579 1195 723 1237 πάντα
761 1210 842 1251 σφι
879 1194 1081 1251 ἐξήρτυτο
1119 1194 1162 1246 ἐς
1192 1193 1267 1250 τὴν
1297 1193 1500 1236 κάτοδον·

134 1265 204 1306 καὶ
241 1261 321 1319 γὰρ
349 1261 529 1319 Αργεῖοι
564 1264 790 1316 μισθωτοὶ
829 1260 1038 1305 ἀπίκοντο
1076 1262 1120 1305 ἐκ
1151 1261 1497 1317 Πελοποννησου,

134 1333 206 1374 καὶ
231 1331 396 1383 Νάξιός
422 1346 503 1387 σφι
529 1328 631 1387 ἀνὴρ
659 1328 896 1386 ἀπιγμένος
916 1330 1158 1386 ἐθελοντής,
1185 1348 1246 1386 τῳ
1269 1327 1432 1384 οἰῖνοιια
1454 1346 1500 1384 rv

135 1399 378 1454 Λύγδαμις,
413 1402 668 1454 προθυμίην
697 1400 903 1454 πλείστην
934 1404 1185 1453 παρείχετο,
1219 1402 1401 1451 κομίσας
1430 1398 1502 1438 καὶ

133 1467 331 1524 χρήματα
355 1467 428 1509 καὶ
453 1463 624 1523 ἄνδρας.
663 1465 709 1519 ἐξ
723 1464 933 1523 Ἐρετρίης
955 1467 1000 1509 δὲ
1027 1464 1291 1523 ὁρμηθέντες
1317 1463 1370 1508 δι’
1389 1464 1496 1507 ἕνδε-

137 1535 268 1577 κάτου
302 1534 418 1585 ἐ’τεος
450 1532 658 1578 ἀπίκοντο
693 1532 852 1577 ὀπίσω.
914 1536 986 1576 καὶ
1017 1539 1191 1588 πρῶτον
1221 1538 1297 1590 τῆς
1318 1532 1503 1587 Άττικῆς

137 1603 310 1655 ἴσχουσι
334 1606 606 1660 Μαραθῶνα.
664 1601 705 1644 ἐν
732 1602 778 1644 δὲ
802 1602 940 1658 τούτῳ
967 1605 1027 1658 τῴ
1051 1602 1178 1659 χώρῳ
1213 1618 1293 1658 σφι
1320 1617 1502 1656 στρατο-

137 1671 469 1724 πεδευομένοισι
501 1670 546 1712 o‘L‘
573 1686 619 1713 τε
652 1669 695 1711 ἐκ
725 1673 801 1712 τοῦ
834 1668 988 1720 ἄστεος
1018 1674 1261 1712 στασιῶται
1293 1667 1501 1712 ἀπίκοντο

139 1736 264 1781 ἄλλοι
288 1754 334 1780 τε
361 1737 404 1780 ἐκ
428 1742 514 1780 τῶν
541 1738 686 1793 δηιιων
711 1741 987 1794 προσέρρεον,
1016 1746 1132 1780 τοῖσι
1154 1756 1175 1794 η
1196 1739 1391 1794 τυραννὶς
1412 1735 1499 1792 πρὸ

140 1805 390 1863 ἐλευθερίης
414 1799 462 1861 ἧν
489 1803 831 1861 ἀσπαστότερον.
888 1807 1010 1848 οὑτοι
1034 1806 1110 1859 μὲν
1137 1805 1187 1862 δὴ
1214 1805 1499 1862 συνηλίζοντο,

133 1872 372 1930 Αθηναίων
398 1873 444 1916 δὲ
471 1889 512 1915 οι
538 1872 582 1915 ἐκ
606 1877 682 1915 τοῦ
709 1871 875 1923 ἄστεος,
906 1872 986 1924 ἕως
1010 1874 1086 1927 μὲν
1111 1877 1425 1929 Πεισίστρατος
1449 1871 1504 1914 τὰ

134 1942 335 1998 χρήματα
361 1938 502 1997 ἤγειρε
526 1942 597 1983 καὶ
621 1945 826 1995 μεταῦτις
852 1939 911 1991 ῶς
943 1940 1038 1994 ἔσχε
1063 1945 1342 1996 Μαραθῶνα,
1376 1941 1503 1996 λόγον

139 2008 294 2052 οὐδένα
330 2006 462 2062 εἶχον·
505 2008 650 2052 ἐπείτε
687 2009 733 2051 δὲ
771 2008 992 2052 ἐπύθοντο
1031 2008 1075 2052 ἐκ
1110 2014 1186 2052 τοῦ
1226 2012 1505 2091 Μαραθῶνος

139 2075 268 2120 αὐτὸν
293 2077 570 2133 πορεύεσθαι
602 2075 677 2120 ἐπὶ
706 2075 756 2119 τὸ
789 2075 917 2128 ἄστυ,
958 2074 1070 2120 ου’τω
1099 2076 1149 2134 δὴ
1180 2081 1409 2155 βωθέουσι
1435 2076 1500 2120 ἐπ’

139 2144 282 2189 αὐτόν.
331 2147 403 2187 καὶ
429 2146 551 2188 οὗτοί
574 2161 620 2187 τε
645 2149 916 2202 πανστρατιῇ
950 2142 1075 2202 ἤισαν
1107 2144 1182 2188 ἐτὶ
1206 2161 1307 2196 τους
1332 2146 1505 2188 κατιόι-

136 2231 227 2265 τας,
254 2215 326 2256 καὶ
352 2229 394 2255 οι
419 2211 534 2271 ἀμφὶ
557 2216 883 2270 Πεισίστρατον,
913 2211 971 2264 ὦς
998 2212 1264 2269 ὁριιηθέντες
1289 2212 1333 2255 ἐκ
1353 2220 1505 2270 Παρα-

139 2286 287 2332 θῶνος
306 2279 432 2338 ἤισαν
453 2280 527 2323 ἐπὶ
545 2281 595 2323 τὸ
617 2278 738 2333 ἄστυ,
767 2280 810 2332 ἐς
829 2279 969 2324 τώυτὸ
987 2281 1205 2331 συνιόντες
1225 2279 1506 2324 ἀπικνέονται

142 2349 215 2392 ἐπὶ
234 2349 502 2405 Παλληνίδος
516 2347 745 2405 Ἀθηναίης
767 2349 870 2404 ἱρόν,
898 2352 967 2391 καὶ
989 2346 1113 2391 ἀντία
1133 2348 1283 2391 ἔθεντο
1304 2348 1358 2390 τὰ
1373 2345 1504 2392 ὅπλα.

144 2417 336 2460 ἐνθαῦτα
360 2421 463 2473 θείῃ
490 2420 646 2473 πομπῇ
664 2417 895 2472 χρεόμενος
913 2420 1180 2473 παρίσταται
1200 2416 1502 2473 Πεισιστράτῳ

137 2483 395 2542 Ἀμφίλυτος
420 2482 442 2526 5
464 2482 664 2540 Ἀκαρνὰν
685 2484 982 2540 χρησμολόγος
1014 2482 1131 2541 ἀνήρ,
1160 2481 1208 2535 ὅς
1234 2484 1276 2525 οἱ
1308 2483 1506 2540 προσιών

141 2557 222 2610 χρᾷ
248 2551 290 2595 ἐν
316 2551 533 2607 ἑξαμέτρῳ
559 2552 670 2607 τόνῳ
697 2552 800 2593 τάδε
826 2553 971 2606 λέγων.

223 2620 425 2677 ἔρριπται
452 2618 489 2661 δ’
515 2617 536 2661 5
562 2619 712 2673 βόλος,
739 2618 789 2661 τὸ
819 2619 864 2661 δὲ
891 2619 1058 2661 δίκτυον
1085 2618 1424 2671 ἐκπεπέτασται,

221 2688 376 2731 θύννοι
403 2685 441 2730 δ’
467 2686 699 2743 οἰμήσουσι
726 2688 950 2743 σεληναίης
977 2686 1049 2729 διὰ
1074 2687 1238 2738 νυκτός.

143 2754 166 2799 5
186 2757 262 2810 μὲν
283 2756 333 2811 δή
355 2755 396 2798 οἱ
417 2754 633 2807 ἐνθεάζων
653 2759 736 2812 χρᾷ
749 2755 864 2806 τάδε,
893 2759 1206 2813 Πεισίστρατος
1221 2756 1265 2798 δὲ
1280 2753 1503 2809 συλλαβῶν
1529 2765 1565 2791 63
