1794 3282
91 240 173 270 XIV

90 316 266 359 lexerunt,
284 316 440 360 primum
464 313 703 358 antiquiorem
728 312 806 353 (τὴν

91 361 242 404 ἀρχαίαν
269 372 295 394 S.
317 361 472 393 παλαιὰν
490 359 612 399 Ἰάδα),
643 369 714 402 qua
730 357 804 390 HO-

90 417 210 439 merus
230 405 396 449 epicique
423 406 554 448 poetae
570 408 711 436 veteres
728 408 818 435 ute-¹

91 451 235 493 bantur,
261 449 393 483 deinde
415 452 599 482 recentenl
623 448 704 489 (τὴν
721 448 819 479 πἐἀνῖ

92 508 120 529 5.
141 499 344 538 νεωτέραν),
363 493 463 527 cuius
480 493 581 537 leges
600 492 806 534 quicunque

92 544 174 584 post
197 539 318 583 epicos
340 542 480 572 veteres
502 537 625 570 Ionice
655 536 806 580 scripse-

92 588 176 618 runt
195 583 309 617 secuti
327 586 419 616 sunt.
470 582 567 622 Quos
588 592 668 614 eum
685 580 807 614 multis

92 628 279 662 vocabulis
316 627 647 669 voeabulorumque
682 625 807 658 formis

94 686 137 707 cx
154 673 236 707 aliis
259 672 425 706 dialectis
443 671 568 716 petitis
591 671 696 704 valde
714 671 808 703 inter

93 730 131 752 se
161 719 367 762 discrepare
396 717 668 762 intellegerent,
701 718 808 760 prout

95 762 248 807 quisque
264 763 322 796 vel
339 762 499 796 nativam
512 765 673 795 veterum
681 761 808 794 Ionum

93 808 259 853 linguam
291 808 490 852 exprimere
522 807 579 840 vel
612 806 808 840 dialectum

96 853 236 898 epicam
255 864 335 887 cum
350 853 493 887 delectu
507 852 662 896 quodam
675 851 808 884 imitari

93 899 151 932 vel
166 899 212 931 ad
220 902 381 932 veterum
387 898 591 931 Atticorum
600 897 807 938 dialectum,

95 955 203 988 quarn
233 955 275 977 ex
303 943 428 977 Ionica
460 942 635 987 originem
665 942 808 975 duxisse

96 993 254 1027 constat,
278 988 427 1033 propius
451 987 624 1021 accedere
646 986 807 1031 proposi-

94 1038 170 1067 tum
198 1033 353 1066 haberet
362 1034 402 1075 12,
433 1033 624 1076 scriptores
653 1031 808 1065 dialecto

95 1079 221 1112 Ionica
258 1078 347 1111 alios
385 1077 530 1121 puriore
569 1076 660 1110 alios
691 1076 809 1109 minus

95 1134 184 1168 pura
203 1134 286 1156 usos
305 1133 381 1156 esse
399 1121 571 1155 referunt.
598 1122 655 1155 Ac
673 1121 716 1154 de
735 1120 808 1154 He-

96 1168 212 1202 rodoti
237 1168 382 1212 quidem
407 1166 563 1200 dialecto
587 1177 668 1199 cum
691 1165 808 1199 Heca-

95 1213 169 1247 taei
188 1216 398 1257 comparata
414 1213 506 1246 haec
520 1211 645 1245 scribit
657 1211 808 1245 Hermo-

98 1269 208 1304 genes
227 1258 270 1291 de
289 1258 391 1292 form.
412 1259 500 1291 orat.
519 1256 557 1290 II
571 1256 668 1290 lab.
694 1268 728 1300 p.
744 1256 810 1290 399

99 1304 243 1349 lValZ.2
280 1302 460 1338 Ἑκαταῖος
499 1301 538 1335 δὲ
575 1301 594 1335 ὁ
628 1302 809 1342 Mmjcnos,

99 1349 181 1394 παρ’
200 1351 241 1382 οὗ
261 1347 302 1391 δι’]
315 1348 468 1390 μάλιστα
482 1347 663 1392 ὠφέληται
678 1346 695 1381 ὁ
710 1346 809 1391 (Ηρό-

98 1394 221 1434 Soros,
247 1393 410 1437 καθαρὸς
426 1397 493 1435 μέν
511 1396 586 1426 ἐστι
609 1396 668 1425 καὶ
687 1392 809 1437 σαφής,

99 1443 137 1472 ἐν
161 1438 202 1472 δέ
222 1452 293 1473 τισι
317 1443 376 1472 καὶ
399 1436 483 1480 ἡδὺς
508 1437 549 1471 οὐ
573 1441 743 1480 μετρίως,
767 1438 809 1482 τῇ

99 1484 272 1527 διαλέκτῳ
291 1483 329 1517 δὲ
347 1483 493 1527 ἀκράτῳ
511 1481 591 1516 Ἰάδι
609 1487 668 1516 καὶ
693 1481 733 1516 οὐ
753 1496 812 1525 με-

99 1534 249 1576 μιγμένῃ
264 1529 515 1574 29rfcroigtsros,L
528 1527 612 1561 οὐδὲ
635 1526 728 1561 κατὰ
746 1526 812 1560 τὸν

99 1574 299 1619 Ἡρόδοτον
319 1572 474 1618 ποικίλῃ,
492 1573 604 1614 ἧττόν
620 1575 694 1606 ἐστι
708 1572 810 1605 ἕνεκά

98 1634 138 1666 γε
156 1623 214 1661 τῆς
232 1619 356 1657 λέξεως
376 1618 572 1659 ποιητικός.

143 1664 197 1698 Ex
215 1675 286 1709 quo
305 1662 474 1706 efficitur,
498 1662 724 1697 Herodotum
741 1672 812 1695 non

97 1714 139 1744 ut-
151 1710 378 1743 Hecataeum
396 1718 487 1753 pura
501 1707 589 1742 Iade
604 1718 682 1742 esse
695 1718 811 1749 usum,
824 1731 826 1749 ἢ

100 1755 163 1790 sed
176 1755 316 1789 variata
329 1754 512 1798 (ποικίλῃ),
531 1764 686 1797 qua-non
700 1752 826 1786 solum'

99 1801 245 1835 Ionicae
279 1798 427 1833 dialecti
464 1798 598 1832 formas
635 1807 812 1841 vocesque

101 1845 289 1888 adhibuit,
314 1844 378 1878 sed
401 1844 581 1877 nonnullis
605 1843 643 1877 in
664 1843 813 1876 vocibus

99 1936 243 1970 Atticas
266 1935 429 1978 adeoque
459 1934 613 1968 aliarum
642 1933 812 1966 dialecto-

100 1993 180 2015 rum
198 1980 331 2014 formas
347 1978 546 2023 usurpavit.
589 1979 717 2021 Neque
729 1988 814 2011 vero

102 2027 153 2061 eis
178 2025 369 2067 assentior,
399 2024 460 2069 qui
482 2024 578 2058 hanc
599 2024 814 2057 varietatem

100 2073 154 2106 ita
169 2071 398 2115 intellegunt,
416 2073 455 2103 ut
472 2069 678 2103 Herodotus
694 2069 731 2102 in
745 2079 815 2101 uno

103 2117 301 2160 eodemque
323 2115 500 2149 vocabulo
523 2125 593 2148 non
618 2125 728 2147 unam
745 2113 814 2147 for—

102 2174 197 2196 mam
216 2164 421 2195 constanter
438 2159 637 2202 admiserit,
656 2159 720 2193 sed
737 2159 814 2203 plu-

101 2219 160 2241 res
178 2206 402 2248 adhibuerit,
426 2205 532 2239 modo
550 2205 685 2238 solutas
708 2204 829 2237 modo*

104 2255 307 2286 contractas
350 2250 457 2283 modo
495 2250 637 2283 Ionicas
680 2249 816 2283 aliasve

104 2297 255 2332 aliarum
273 2296 510 2329 dialectorum
532 2295 638 2328 modo
661 2305 815 2328 commu-

103 2353 184 2385 nes,
208 2342 267 2375 vix
284 2345 381 2375 certo
399 2340 557 2383 quodam
578 2340 615 2373 in
639 2338 816 2384 eligendis

102 2388 203 2421 hisce
235 2386 358 2420 formis
391 2385 542 2429 singulis
571 2384 720 2418 consilio
753 2384 815 2417 du-

105 2437 195 2475 ctus,
214 2432 278 2466 sed
296 2442 339 2465 ea
355 2431 535 2475 recipiens
551 2440 644 2474 quae
659 2429 817 2463 animum

104 2478 198 2511 ultro
227 2476 390 2511 subirent
418 2479 617 2520 sponteque
646 2485 683 2508 se
712 2474 816 2508 offer-

105 2526 196 2556 rent.
252 2521 370 2562 Quam
412 2519 693 2554 inconstantiam
737 2530 817 2553 cum

106 2567 283 2601 Baehrius
291 2566 516 2600 Herodotum
530 2565 682 2599 evitasse
695 2575 740 2598 ne
771 2568 816 2607 et,

108 2623 176 2657 ego
205 2612 351 2656 quidem
373 2615 413 2644 ut
436 2621 516 2644 eam
539 2610 714 2654 Homero,
783 2620 816 2643 e-

107 2657 209 2690 siodo
227 2657 411 2701 epicisque
428 2655 545 2700 poetis
558 2659 753 2689 metrorum
768 2655 817 2688 le-

145 2723 169 2742 12
187 2725 280 2749 Verba
299 2728 364 2750 sunt
381 2725 433 2750 Gu.
449 2725 590 2750 Dindorfii
611 2726 639 2749 in
653 2725 771 2756 praefat.
785 2724 818 2748 ad

109 2760 177 2784 edit.
192 2759 309 2784 Parisin.
324 2767 350 2790 p.
364 2767 395 2783 11.

675 241 728 265 DE
753 239 960 264 HERODOTI

831 311 937 356 gibus
964 311 1144 344 obsecutis
1166 309 1439 344 condonandam
1466 319 1544 343 esse

829 355 974 400 largior,
993 355 1043 388 ita
1056 355 1292 397 Herodotum,
1308 355 1369 399 qui
1382 354 1543 399 pedestri

830 410 992 433 sermone
1021 412 1107 433 usus
1137 404 1272 434 certam
1293 400 1439 434 Ionicae
1468 399 1544 432 dia-

830 445 915 478 lecti
933 455 1094 478 normam
1117 449 1261 479 secutus
1280 448 1351 488 est,
1377 443 1543 489 pluribus

830 489 867 522 in
889 499 961 522 uno
990 489 1188 534 eodemque
1216 489 1392 524 vocabulo
1420 488 1545 522 formis

829 546 934 568 usum
959 544 1037 568 esse
1053 538 1094 567 ut
1110 538 1266 568 statuam
1288 545 1473 578 nunquam
1489 534 1543 566 in-

831 580 960 621 ducar3
990 583 1098 623 atque
1121 579 1229 613 hodie
1253 579 1400 623 quidem
1423 589 1546 612 eorum

832 624 1029 665 sententia,
1054 623 1115 667 qui
1139 635 1219 658 cum
1241 624 1404 657 Ionicum
1426 623 1543 657 Hero-

832 670 908 703 doti
931 680 1131 703 sermonem
1154 669 1202 702 ad
1225 673 1341 702 certas
1365 669 1466 712 leges
1489 668 1543 701 iu-

832 718 996 758 stamque
1014 714 1204 747 verborum
1228 714 1469 747 constantiam
1490 723 1546 746 re-

831 759 1033 794 vocandum
1058 770 1135 792 esse
1158 761 1311 810 negent,
1336 758 1548 802 scriptorem

833 825 873 830 —
893 804 1012 838 dicam
1028 804 1142 838 libere
1160 804 1250 847 quid
1267 803 1419 837 sentiam
1433 823 1477 828 —-
1493 803 1547 836 in-

833 849 1057 884 constantiae
1080 853 1189 893 atque
1212 847 1471 894 neglegentiae
1494 847 1546 881 in-

833 895 1019 937 simulant,
1037 894 1110 928 iam
1124 895 1186 927 diu
1201 895 1347 938 explosa
1361 896 1426 927 est.
1452 892 1547 933 Qua-

832 941 905 974 lem
932 944 1076 984 turpem
1109 940 1301 973 verborum
1332 938 1548 972 varietatem

833 986 879 1019 ab
903 984 1080 1018 Herodoti
1104 984 1263 1018 dialecto
1286 995 1431 1028 prorsus
1461 983 1548 1016 alie-

820 1041 916 1065 xnam
941 1040 1018 1063 esse
1044 1040 1123 1063 eum
1153 1029 1290 1073 primus
1319 1032 1418 1062 recte
1442 1027 1547 1060 intel—

821 1075 979 1108 ¹lexisset
997 1073 1035 1107 C.
1050 1074 1093 1107 L.
1111 1073 1274 1108 Struvius
1285 1074 1326 1116 13,
1342 1073 1548 1107 inconstan-

833 1120 906 1153 tiae
930 1119 1126 1152 formarum
1149 1118 1373 1163 singularum
1395 1118 1448 1151 ita
1471 1129 1547 1151 suc-

822 1164 962 1201 ,e1u·rit,
985 1168 1025 1197 ut
1043 1164 1072 1197 si
1090 1174 1200 1207 quam
1216 1163 1368 1197 formam
1385 1162 1551 1207 pluribus

835 1210 924 1243 locis
942 1209 1149 1243 Herodotus
1173 1209 1371 1243 secundum
1394 1208 1547 1252 optimo-

833 1267 913 1288 rum
963 1254 1136 1288 librorum
1189 1253 1441 1288 auctoritatem
1492 1253 1550 1287 vel

835 1299 1152 1345 grammaticorum
1186 1299 1230 1333 de
1263 1298 1388 1332 formis
1416 1298 1550 1332 Ionicis

834 1345 1041 1380 testimonia
1051 1348 1256 1378 constanter
1270 1347 1460 1387 servasset,
1470 1353 1550 1377 eam

834 1391 871 1424 in
888 1390 1039 1434 reliquis
1064 1401 1205 1434 quoque
1230 1389 1335 1433 locis,
1358 1389 1396 1422 in
1420 1388 1551 1433 quibus

835 1436 907 1469 alia
925 1435 1107 1480 quaedam
1129 1434 1245 1469 forma
1268 1434 1391 1477 obvia,
1414 1434 1473 1467 vel
1497 1433 1550 1466 in-

835 1481 918 1515 vitis
966 1481 1068 1514 libris
1110 1480 1329 1514 restitueret.
1385 1479 1551 1513 Eandem

835 1526 948 1569 viam,
968 1537 1039 1570 qua
1063 1525 1139 1559 sola
1162 1525 1334 1558 historiae
1359 1528 1464 1568 pater
1487 1534 1552 1557 suo

836 1571 980 1615 proprio
1002 1570 1133 1604 habitu
1155 1570 1275 1604 nitens
1306 1569 1549 1611 exhibebitur,

836 1615 992 1661 ingressi
1010 1620 1092 1648 sunt
1111 1614 1208 1649 Guil.
1224 1614 1437 1648 Dindorfius
1447 1615 1488 1658 14,
1505 1614 1549 1647 Β.

837 1661 884 1694 H.
905 1661 1056 1705 Lhardy
1066 1661 1107 1703 15,
1131 1660 1171 1693 F.
1192 1660 1220 1693 Ι.
1242 1659 1280 1693 C.
1299 1659 1500 1693 Bredovius
1510 1660 1552 1701 16,

838 1706 899 1751 qui
921 1706 958 1739 in
980 1705 1125 1750 legibus
1148 1705 1296 1739 dialecti
1319 1704 1551 1738 Herodoteac

837 1751 1056 1796 indagandis
1073 1754 1214 1784 tantum
1228 1750 1338 1784 studii
1353 1750 1551 1783 collocave-

837 1800 930 1834 runt,
954 1800 994 1829 ut
1008 1807 1085 1830 rem
1102 1795 1225 1829 multis
1248 1795 1463 1839 magnisque
1482 1794 1550 1828 dif-

825 1841 1061 1886 ,fieultatibus
1079 1841 1293 1885 implicitam
1309 1850 1426 1884 paene
1440 1839 1552 1873 omni-

100 1890 326 1932 Homericas,
351 1888 486 1933 epicas,
511 1892 586 1922 tum
602 1899 687 1922 vero
705 1888 827 1921 etiam*
1145 1886 1151 1893 '

826 1944 916 1965 *rum
945 1931 1148 1976 exemplum
1172 1935 1315 1965 secutus
1344 1931 1553 1964 nonnullam

837 1887 905 1920 bus
923 1886 996 1920 suis
1013 1897 1172 1920 numeris
1190 1886 1432 1919 absolverent.
1456 1885 1551 1925 Quo-

838 1977 971 2011 laboris
999 1980 1141 2021 partem
1171 1976 1315 2020 explere
1340 1976 1461 2009 studui
1491 1975 1551 2017 (cf.

839 2022 972 2056 Philol.
982 2022 1038 2055 XI
1052 2022 1119 2056 275
1128 2033 1179 2065 sq.
1197 2025 1232 2055 et
1244 2020 1462 2065 praefation.
1478 2021 1553 2054 edi-

838 2068 948 2101 tionis
958 2067 1237 2100 Teubnerianae
1251 2079 1286 2111 p.
1302 2065 1462 2109 2942),
1476 2077 1553 2100 rem

839 2113 890 2146 ita
906 2112 1167 2146 instituendam
1186 2122 1264 2145 esse
1287 2115 1405 2155 ratus,
1427 2114 1469 2144 ut
1490 2111 1552 2144 ad-

840 2158 956 2191 hibita
972 2158 1107 2191 maiore
1132 2157 1393 2201 aequabilitate
1418 2160 1454 2190 et
1471 2167 1554 2190 con-

841 2203 973 2236 stantia
992 2206 1090 2236 certa
1106 2202 1220 2236 Ionici
1238 2201 1412 2236 sermonis
1428 2213 1555 2235 norma

841 2248 1136 2287 constitueretur,
1167 2258 1276 2291 quam
1302 2247 1361 2280 vel
1382 2246 1554 2280 invitissi-

839 2294 907 2326 mis
929 2292 1031 2326 libris
1059 2292 1323 2326 restituendam
1352 2302 1431 2325 esse
1456 2292 1551 2325 duxi.

840 2339 895 2372 Ac
912 2337 1014 2371 multi
1030 2337 1104 2371 iam
1122 2340 1205 2371 sunt.
1222 2337 1284 2381 qui
1296 2336 1555 2370 intellexerunt

874 2417 899 2436 13
919 2418 1124 2449 Quaestionum
1144 2418 1178 2442 de
1198 2418 1319 2444 dialecto
1339 2417 1477 2442 Herodoti
1500 2418 1553 2442 tria

840 2453 1006 2484 specimina,
1021 2452 1211 2482 Regiomontii
1227 2452 1302 2476 1828.

874 2485 900 2504 14
918 2486 1064 2510 Dialectus
1084 2486 1180 2510 Ionica
1194 2485 1329 2509 Herodoti
1350 2492 1412 2510 cum
1432 2485 1554 2509 dialecto

841 2520 935 2560 Attica
953 2520 1043 2544 veteri
1063 2521 1223 2550 comparata
1243 2518 1283 2551 (in
1303 2519 1370 2544 edit.
1394 2521 1460 2544 ster.
1476 2519 1553 2543 Pari-

841 2561 903 2605 ⁵¹qu
916 2551 1126 2619 Ιόιῗᾶιεῖῗίἒῆηω
1145 2587 1180 2611 de
1200 2587 1321 2612 dialecto
1341 2586 1479 2611 Herodoti
1498 2586 1552 2610 duo

842 2622 934 2653 capita
954 2620 992 2653 (a.
1007 2621 1041 2645 de
1056 2624 1217 2652 augmento,
1238 2621 1266 2646 b.
1281 2621 1314 2645 de
1329 2621 1425 2645 formis
1445 2622 1555 2644 contra-

843 2657 895 2680 ctis
908 2656 1057 2680 verborum
1071 2656 1100 2680 in
1115 2662 1160 2679 αω
1176 2653 1352 2685 exeuntium)
1366 2653 1461 2679 Berol.
1476 2654 1553 2679 1844.

843 2691 1126 2754 18iglfflaesHonum
1141 2723 1301 2747 criticarum
1315 2721 1348 2746 de
1362 2721 1482 2746 dialecto
1496 2721 1554 2746 He-

828 2750 958 2782 lrodotea
972 2757 1036 2782 libri
1049 2757 1098 2782 1v.
1113 2757 1191 2788 Lips.
1206 2757 1280 2781 1846.
