1794 3282
490 227 807 262 ΗΡΟΔΟΤΟΥ
837 227 879 261 Α.
907 226 1053 261 65-67.
1406 216 1461 258 27

177 296 293 355 ἥκεις
320 291 354 339 ὦ
380 296 600 353 Λυκόοργε
627 295 728 350 ἐμὸν
754 297 860 339 ποτὶ
886 300 1021 339 πίονα
1046 295 1146 352 νηόν

179 366 279 422 Ζηνὶ
306 366 434 421 φίλος
459 365 530 406 καὶ
554 368 692 407 πᾶσιν
714 363 923 418 Ὀλύμπια
950 361 1111 418 δώματ’
1137 363 1319 417 ἔχουσιν.

178 433 280 484 δίζω
309 430 333 488 ἥ
359 448 407 475 σε
432 431 539 475 θεὸν
563 432 862 486 μαντεύσομαι
887 429 912 488 ἢ
940 429 1194 487 ἄνθρωπον.

179 497 267 542 ἀλλ’
292 499 356 542 ἔτι
380 501 452 542 καὶ
475 502 639 554 μᾶλλον
664 499 774 543 θεὸν
801 500 1011 554 ἔλπομαι,
1041 493 1074 541 ὦ
1101 499 1336 555 Λυκόοργε.

93 567 136 610 οἱ
159 568 236 622 μὲν
263 567 313 624 δή
340 584 451 618 τινες
476 567 589 623 πρὸς
612 569 812 611 τούτοισι
843 569 1017 623 λέγουσι
1047 569 1119 610 καὶ
1145 567 1315 624 φράσαι
1347 563 1464 622 αὐτῷ

92 634 166 692 τὴν
203 639 376 692 Πυθίην
413 635 486 679 τὸν
524 640 596 679 νῦν
632 640 907 679 κατεστεῶτα
943 635 1105 689 κόσμον
1141 635 1464 692 Σπαρτιήτῃσι·

93 701 153 753 ὠς
184 701 224 746 δ’
250 701 375 746 αὐτοὶ
404 704 749 758 Λακεδαιμόνιοι
780 705 971 759 λέγουσι,
1010 707 1257 758 Λυκοῦργον
1290 702 1467 758 ἐπιτρο-

94 772 317 814 πεύσαντα
341 772 608 826 Λεωβώτεω,
638 769 899 827 ἀδελφιδέου
925 771 1002 824 μὲν
1029 769 1191 812 ἑωυτοῦ
1211 770 1466 825 βασιλεύον-

95 855 166 890 τος
198 840 244 882 δὲ
273 842 602 894 Σπαρτιητέων,
638 838 682 881 ἐκ
715 838 884 895 Κρήτης
917 835 1165 893 ἀγαγέσθαι
1194 842 1344 880 ταῦτα.
1407 835 1467 888 ιῦς

87 906 172 963 γὰρ
199 905 494 962 ἐπετρόπευσε
518 906 722 958 τάχιστα,
756 909 992 961 μετέστησε
1024 903 1079 946 τὰ
1110 905 1274 958 νόμιμα
1306 904 1463 955 πάντα,

92 976 164 1016 καὶ
190 973 377 1030 ἐφύλαξε
408 977 545 1016 ταῦτα
575 971 633 1029 μὴ
660 977 963 1030 παραβαίνειν.
1017 971 1128 1026 μετὰ
1155 973 1201 1015 δὲ
1233 971 1287 1014 τὰ
1313 971 1355 1022 ἐς
1381 971 1468 1014 πό-

92 1043 220 1096 λεμον
258 1041 424 1094 ἔχοντα,
471 1040 710 1094 ἐνωμοτίας
751 1043 823 1083 καὶ
859 1041 1096 1097 τριηκάδας
1131 1042 1203 1082 καὶ
1247 1044 1464 1091 συσσίτια,

91 1109 204 1165 πρός
228 1126 274 1152 τε
299 1109 497 1152 τούτοισι
523 1108 622 1160 τοὺς
648 1108 837 1166 ἐφόρους
867 1110 937 1151 καὶ
963 1112 1167 1165 γέροντας
1199 1108 1352 1164 ἔστησε
1376 1115 1468 1151 Λυ-

92 1181 283 1232 κοῦργος.
347 1174 462 1220 οἵτω
493 1177 570 1231 μὲν
600 1177 919 1231 μεταβαλόντες
957 1174 1283 1234 εὐνομήθησαν,
1324 1180 1384 1232 τῴ
1421 1177 1465 1219 δὲ
1491 1188 1524 1213 66

91 1245 326 1301 Λυκούργῳ
352 1245 652 1301 τελευτήσαντι
677 1244 767 1302 ἱρὸν
788 1244 1011 1299 εἱσάμενοι
1033 1249 1234 1300 σέβονται
1252 1245 1465 1301 μεγάλως.

93 1311 165 1355 οἷα
192 1313 237 1355 δὲ
263 1312 304 1356 ἕν
330 1329 375 1356 τε
399 1313 515 1370 χώρῃ
544 1311 691 1371 ἀγαθῇ
720 1314 792 1355 καὶ
817 1313 988 1369 πλήθεϊ
1008 1310 1083 1356 σι’-κ
1106 1311 1262 1369 ὀλίγων
1283 1311 1465 1369 ἀνδρῶν,

92 1378 174 1423 άνά
204 1397 251 1424 τε
283 1381 469 1438 ἔδραμον
502 1379 656 1424 αὐτίκα
688 1382 757 1423 καὶ
797 1379 1125 1437 εὐθηνήθησαν.
1186 1382 1258 1423 καὶ
1296 1381 1345 1437 δή
1387 1397 1468 1437 σφι

93 1447 234 1492 οὐκέτι
260 1447 428 1506 ἀπέχρα
456 1447 630 1506 ἡσυχίην
657 1446 788 1504 ἄγειν,
819 1447 928 1491 ἀλλὰ
955 1449 1360 1506 καταφρονήσαντες
1378 1446 1469 1503 Ηρ-

92 1517 234 1559 καδων
259 1521 484 1573 κρέσσονες
516 1516 626 1560 εἶναι
658 1516 1043 1574 ἐχρηστηριάζοντο
1077 1517 1118 1559 ἒν
1145 1519 1360 1573 Δελφοῖσι
1393 1516 1468 1559 ἐπὶ

92 1585 213 1641 πάσῃ
240 1589 291 1642 τῇ
313 1583 527 1641 Ἀρκάδων
550 1585 682 1641 χώρῃ.
731 1583 756 1641 ἡ
786 1586 831 1627 δὲ
857 1589 1007 1641 Πυθίη
1037 1602 1118 1642 σφι
1142 1589 1224 1641 χρᾷ
1250 1585 1367 1627 τάδε.

174 1652 393 1709 Ἀρκαδίην
417 1650 459 1707 μ’
484 1652 641 1706 αἰτεῖς,·
666 1656 777 1708 μέγα
801 1651 843 1707 μ’
868 1653 1024 1703 αἰτεῖς·
1054 1650 1105 1696 οὔ
1129 1669 1199 1696 τοι
1226 1653 1368 1695 δεύσω.

179 1722 338 1764 πολλοὶ
365 1719 406 1763 ἒν
427 1719 622 1777 Ἀρκαδίῃ
647 1722 956 1778 βαλανηφάγοι
983 1718 1134 1777 ἄνδρες
1162 1720 1294 1772 ἔασιν,

180 1789 227 1831 οἵ
249 1786 284 1832 σ’
310 1787 684 1832 ἀποκωλύσουσιν.
736 1788 818 1845 {yth
850 1789 896 1831 δέ
921 1805 990 1832 τοι
1017 1787 1112 1831 οὔτι
1137 1792 1345 1845 μεγαίρω.

181 1857 309 1899 διόσω
335 1873 405 1899 τοι
435 1860 585 1912 Τεγέην
610 1861 903 1912 ποσσίκροτον
930 1855 1210 1913 ὀρχήσασθαι

179 1926 251 1967 καὶ
276 1923 405 1967 καλὸν
430 1925 583 1967 πεδίον
610 1928 765 1980 σχοίνῳ
795 1925 1194 1983 διαμετρήσασθαι.

94 1997 232 2036 ταῦτα
253 1990 312 2043 ὡς
333 1990 648 2045 ἀπενειχθέντα
670 1990 856 2049 ἥκουσαν
879 1993 920 2035 οἱ
940 1993 1296 2047 Λακεδαιμόνιοι,
1321 1990 1470 2049 Ἀρκά-

96 2061 181 2104 δων
206 2062 282 2115 μὲν
308 2065 392 2103 τῶν
413 2058 553 2103 ἄλλων
575 2058 820 2114 ἀπείχοντο,
849 2061 891 2104 οἱ
913 2062 958 2104 δὲ
979 2062 1117 2112 πέδας
1137 2061 1373 2118 φερόμενοι
1396 2060 1470 2103 ἐπὶ

101 2130 308 2185 Τεγεήτας
334 2128 654 2186 ἐστρατεύοντο,
680 2134 861 2186 χρησμῷ
887 2130 1077 2186 κιβδήλῳ
1105 2133 1305 2181 πίσυνοι,
1335 2127 1393 2180 ὥς
1420 2127 1470 2184 δὴ

97 2197 561 2254 ἓξανδραποδιεύμενοι
599 2196 701 2248 τοὺς
743 2198 965 2255 Τεγεήτας.
1027 2197 1298 2248 ἑσσωθέντες
1336 2198 1382 2240 δὲ
1419 2201 1469 2252 τῇ

99 2267 308 2321 συμβολῇ,
337 2262 435 2308 ὅσοι
460 2263 600 2308 αὐτῶν
626 2265 950 2323 ἐζωγρήθησαν,
978 2266 1116 2317 πέδας
1140 2282 1186 2308 τε
1209 2265 1374 2318 ἔχοντες
1394 2264 1471 2315 τὰς

100 2333 306 2389 ἐφέροντο
334 2332 460 2376 αὐτοὶ
485 2335 556 2377 καὶ
583 2338 738 2389 σχοίνῳ
761 2334 1156 2390 διαμετρησάμενοι
1176 2332 1225 2376 τὸ
1248 2333 1400 2376 πεδίον
1420 2332 1470 2375 τὸ

104 2403 340 2457 Τεγεητέων
355 2399 594 2457 ἐργάζοντο.
629 2401 674 2443 αἱ
690 2402 735 2444 δὲ
756 2402 887 2445 πέδαι
909 2396 1049 2453 αὗται,
1073 2400 1114 2445 ἕν
1134 2406 1234 2457 τῇσι
1255 2400 1468 2452 ἐδεδέατο,

101 2468 166 2511 ἔτι
196 2469 267 2511 καὶ
302 2467 344 2519 ἐς
377 2467 450 2522 ἐμὲ
481 2462 588 2525 ἦσαν
621 2469 723 2512 σόαι
756 2468 797 2512 ἐν
834 2473 981 2526 Τεγέῃ,
1023 2471 1125 2525 περὶ
1162 2467 1235 2512 τὸν
1267 2467 1366 2524 νηὸν
1396 2472 1473 2524 τῆς

101 2534 238 2594 Ἀλέης
259 2533 488 2592 Ἀθηναίης
514 2537 791 2592 κρεμάμεναι.
840 2536 948 2579 κατὰ
973 2537 1050 2590 μὲν
1077 2535 1126 2592 δὴ
1153 2535 1226 2579 τὸν
1259 2536 1470 2593 πρότερον
1497 2550 1530 2575 67

104 2605 295 2659 πόλεμον
322 2607 529 2657 συνεχέως
556 2604 641 2646 αἰεὶ
668 2608 808 2654 κακῶς
834 2602 1019 2647 ἀέθλεον
1046 2603 1158 2659 πρὸς
1191 2602 1291 2655 τοὺς
1308 2605 1472 2660 -Τεγεή-

102 2690 196 2725 τας,
230 2671 339 2715 κατὰ
367 2672 413 2714 δὲ
438 2671 511 2715 τὸν
543 2670 651 2715 κατὰ
676 2679 865 2728 Κροῖσον
893 2673 1045 2728 χρόνον
1078 2675 1149 2715 καὶ
1180 2671 1255 2728 τὴν
1277 2669 1475 2724 mag-‘av-

104 2741 260 2798 δρίδεώ
284 2757 328 2784 τε
348 2737 682 2796 καὶέίρίστωνος
699 2743 928 2797 βασιληίην
950 2739 991 2783 ἒν
1011 2741 1306 2795 Λακεδαίμονι
1328 2737 1407 2797 ἤδη
1431 2740 1474 2784 οἱ
