1794 3282
137 247 256 276 XXVI

721 247 774 272 DE
800 245 1006 272 HERODOTI

135 323 300 368 pantiam
322 332 393 356 non
410 321 635 364 adnotasset,
658 319 777 353 varias
800 320 849 353 le·
875 323 943 352 tus.
977 319 1043 352 Est
1060 319 1172 353 codex
1190 318 1402 353 chartaceus
1415 328 1590 352 annorum

135 369 273 402 ctiones
304 367 342 400 in
372 377 477 400 usum
507 376 627 399 meum
660 364 850 409 excerpsit,
876 363 989 397 ferme
1008 363 1304 409 quingentorum,
1333 363 1490 408 primore
1513 363 1590 408 qui-

135 413 270 457 quibus
286 410 526 455 Wesselingij
543 409 724 444 sententia
747 419 849 454 egre·
876 409 959 441 dem
981 408 1109 442 Musae
1132 409 1271 453 primae
1294 412 1399 454 parte
1427 419 1589 451 mancus,

136 459 198 503 gie
227 456 475 491 confirmatur:
514 466 656 498 compar
684 456 721 488 in
748 465 851 499 quam
875 453 940 487 sed
956 453 1121 498 perutilis
1144 453 1203 496 (cf.
1222 453 1445 499 VVesseling.
1471 452 1588 497 praef.

129 503 292 547 plurimis
314 502 398 534 locis
420 502 507 534 inter
530 501 737 541 Mediceum,
761 500 849 532 Pas-

135 548 298 589 sionem,
317 546 545 580 Ascevz‘anum
564 546 613 588 (v.
632 544 749 588 infra)
770 556 849 577 con-

134 593 255 626 cordia
278 591 419 636 (quibus
439 591 535 624 hodie
563 591 689 623 addere
717 589 850 623 tertium

134 638 211 671 licet
227 636 470 678 Florentinum,
489 636 549 681 qui
565 634 779 678 Wessele'nyz’i
794 646 849 667 ae-

135 689 202 716 tate
219 683 367 714 nondum
385 688 460 715 erat
477 681 662 723 inventus).
702 691 743 713 esc
759 680 849 713 sche—

133 728 187 760 dis
211 728 455 760 descenderunt
477 726 731 770 prudentiorem
754 736 848 758 ama—

133 783 295 806 nuensem
317 778 348 805 et
376 773 459 805 nihil
488 778 609 805 temere
636 770 849 814 auferentem

135 818 281 861 z'ncleptis
304 823 405 862 atque
432 828 473 851 ea
496 818 536 850 de
564 827 672 850 causa
693 817 848 849 emenda-

134 864 238 896 tiores
255 864 395 906 reliquis
412 861 694 905 (Sancroflz'ano,
727 861 849 894 Vindo-

138 908 288 950 bonensz',
314 907 434 941 Pallae
451 908 550 949 libro,
576 907 762 948 Vaticanis,
780 906 849 940 Pa-

133 954 283 996 risz'nz's).
310 952 528 986 Asservatur
544 952 657 986 codex
673 951 850 985 membra--

133 1008 268 1031 naceus
277 997 414 1031 Romae
427 1008 500 1031 una
512 1007 593 1031 cum
607 996 737 1031 ceteris
749 996 851 1030 libris

135 1054 157 1076 a
175 1041 358 1076 Cardinal.
376 1041 569 1076 Passionei
584 1041 721 1075 relictis
742 1041 781 1074 in
796 1041 850 1075 bi-

135 1087 322 1121 bliotheca
338 1086 568 1132 Angelicana
585 1088 643 1129 (S.
652 1088 849 1130 Ayostino).

136 1132 370 1176 Conscriptus
395 1135 448 1166 est
470 1131 567 1165 foliis
590 1132 668 1166 330.
717 1131 851 1176 Incipit

137 1177 247 1211 liber:
271 1176 450 1221 ἡροὸότου
475 1177 625 1220 ἱστορίη.
664 1175 685 1218 ἡ
708 1177 849 1221 ἱστορία

136 1222 249 1255 αὐτοῦ
276 1221 333 1256 διὰ
357 1225 517 1264 μουσῶν.
565 1221 715 1255 Desinit
735 1221 849 1267 signis

136 1271 371 1302 XXHHHI.
420 1266 490 1300 His
513 1267 697 1301 veteribus
726 1278 848 1301 nume—

133 1324 254 1347 rorum
272 1312 386 1357 signis
398 1311 580 1346 indicatur
592 1324 724 1346 nonum
739 1312 848 1346 histo-

134 1357 271 1391 riarum
308 1357 443 1391 librum
481 1358 682 1402 complesse
726 1368 849 1391 versus

135 1404 236 1437 2206.
262 1402 321 1436 De
339 1402 492 1448 singulis
510 1403 728 1447 quibusdam
744 1403 849 1436 huius

136 1447 273 1482 codicis
300 1447 517 1482 lectionibus
551 1458 747 1492 earumque
776 1447 848 1482 fide

136 1497 172 1527 et
195 1493 410 1527 auctoritate
440 1493 501 1539 egi
526 1493 565 1527 in
594 1493 848 1528 dissertatione

135 1549 163 1572 s.
182 1538 205 1571 l.
254 1538 453 1582 Perpensis
477 1542 586 1582 atque
610 1538 848 1572 consideratis

134 1583 301 1617 omnibus
318 1583 387 1617 hoc
410 1583 558 1635 quidem
580 1583 727 1617 minime
746 1584 847 1617 dubi—

135 1632 215 1662 tare
240 1628 341 1670 licet,
365 1639 452 1673 quin
474 1629 696 1663 Passioneus
720 1632 757 1663 et
772 1629 848 1663 Me-

137 1674 263 1707 diceus
282 1677 318 1708 et
330 1673 561 1708 Florentinus
578 1674 625 1708 ad
642 1685 751 1708 unam
765 1685 848 1708 ean-

135 1719 292 1762 demque
331 1719 509 1753 familiam
546 1719 729 1754 referendi
762 1719 848 1764 sint,

135 1774 256 1808 neque
271 1775 357 1798 vero
375 1763 525 1798 difficile
549 1768 604 1798 est
621 1765 668 1799 ad
691 1765 848 1809 proban-

136 1809 239 1852 dum,
267 1809 523 1853 Passioneum,
553 1810 616 1853 qui
640 1810 850 1844 recentioris

136 1854 270 1888 aetatis
287 1857 343 1888 est
356 1864 465 1898 quam
479 1854 577 1888 Med.
597 1859 633 1888 et
644 1855 754 1898 Flor.,
773 1866 848 1889 sae-

133 1899 216 1944 pius
233 1899 374 1933 mendis
391 1900 562 1943 vitiisque
576 1900 753 1934 laborare.
779 1901 848 1934 Re-

135 1944 326 1988 periuntur
347 1955 419 1979 non
448 1945 562 1979 solum
590 1946 761 1990 permulti
791 1957 848 1979 ca—

134 1990 222 2023 lami
239 1990 374 2034 lapsus,
390 2001 551 2034 rasurae,
576 1991 756 2025 secundae
774 2002 848 2024 ma-

133 2046 202 2068 nus
235 2035 453 2079 scripturae,
486 2035 752 2079 additamenta,
785 2036 848 2070 sed

137 2080 248 2114 etiam
265 2080 450 2125 graviores
473 2081 667 2114 nonnullae
690 2081 847 2126 interpo-

133 2125 299 2168 lationes,
309 2124 440 2168 quibus
450 2125 546 2159 Med.
557 2130 592 2160 et
599 2126 694 2159 Flor.
704 2130 847 2161 vacant.

134 2169 194 2204 De
213 2169 365 2215 singulis
383 2170 548 2204 conferas
571 2182 664 2215 quae
688 2171 795 2206 docui
812 2172 848 2205 in

133 2215 220 2248 diss.
245 2215 291 2249 de
308 2214 488 2249 Herodoti
511 2216 678 2250 codicum
700 2215 772 2251 fide
795 2221 846 2251 at-

132 2270 203 2303 que
222 2260 449 2294 auctoritate.
475 2260 566 2294 Inde
581 2261 669 2295 satis
681 2266 846 2306 apparet,

131 2304 423 2350 lVesselingium
439 2316 569 2350 parum
585 2310 753 2341 accurate
777 2310 847 2341 sta—

130 2349 243 2384 tuisse
255 2349 495 2385 Passioneum
508 2351 675 2386 Mediceo
688 2351 778 2386 nihil
791 2363 846 2386 ce-

131 2395 408 2441 dentem‚saepe
422 2396 643 2441 superiorem
657 2407 746 2431 esse.
770 2397 847 2431 Imo

131 2451 278 2484 prorsus
305 2440 358 2474 ita
386 2452 516 2476 censeo
545 2445 655 2487 atque
685 2442 846 2487 explora-

129 2490 207 2519 tum
224 2485 353 2529 habeo,
371 2486 534 2522 codicem
551 2487 650 2521 haud
665 2498 747 2521 raro
765 2499 845 2522 con-

132 2531 271 2574 spirare
301 2542 382 2565 cum
407 2530 680 2576 Sancroftiano,
709 2533 845 2567 Vindo-

131 2575 295 2620 bonensi,
313 2577 471 2611 omnium
485 2578 664 2612 Herodoti
682 2578 845 2612 codicum

132 2621 345 2655 deterrimis.

875 498 946 542 xx).
996 498 1068 539 Qui
1085 498 1179 532 liber
1201 497 1231 531 si
1248 498 1365 532 minus
1383 500 1590 532 chartarum

875 543 1134 587 literarumque
1150 547 1331 577 vetustate
1344 547 1382 577 at
1395 543 1591 577 lectionum

875 588 1036 622 bonitate
1053 588 1207 633 insignis
1221 591 1286 621 est.
1309 588 1494 622 Accurate
1508 598 1590 622 eum

876 633 1029 667 contulit
1040 633 1079 667 in
1092 632 1330 678 VVesselingii
1343 644 1447 667 usum
1454 633 1587 666 Anton.

875 678 1052 713 Ascevius
1085 689 1166 712 cum
1204 678 1369 722 exemplo
1402 676 1590 712 Galeanae

876 723 1044 758 editionis
1067 723 1240 766 (Londini
1263 723 1382 767 1619),
1406 723 1503 768 quod
1521 722 1590 756 dis-

876 769 1108 814 crepantibus
1130 767 1216 802 libri
1239 768 1428 813 scripturis
1456 767 1587 801 instru-

876 818 973 849 ctum
990 814 1240 859 Wesselingio
1257 813 1446 847 concessit.

919 860 1142 904 Plerumque
1156 871 1237 894 cum
1250 858 1416 893 Mediceo
1431 861 1494 892 aut
1506 857 1589 891 Flo—

874 905 1016 940 rentino
1026 904 1254 939 consentiunt
1267 907 1438 949 quattuor
1446 903 1590 938 codices

876 949 1147 994 Florentini,
1187 960 1339 994 quorum
1371 953 1446 983 tres
1475 959 1590 983 asser-

875 1000 1005 1030 vantur
1020 995 1057 1029 in
1074 995 1339 1029 Laurentiana:

922 1040 1109 1075 Mediceus
1126 1042 1152 1066 ΙΙ
1186 1040 1276 1085 plut.
1301 1039 1410 1073 LXX
1440 1039 1518 1073 cod.
1537 1038 1589 1073 Vl

966 1086 1210 1119 membranae.
1231 1085 1365 1119 saecul.
1383 1084 1487 1127 XIV,

921 1130 1109 1165 Mediceus
1122 1133 1162 1157 111
1176 1130 1265 1175 plut.
1282 1129 1392 1163 LXX
1407 1129 1484 1164 cod.
1494 1128 1589 1163 XIX

966 1176 1115 1209 membr.
1135 1186 1230 1209 saec.
1249 1175 1332 1218 XV,

920 1221 1109 1255 Mediceus
1145 1223 1184 1247 lV
1227 1221 1317 1265 plut.
1357 1220 1465 1253 LXX
1509 1219 1588 1253 cod.

964 1266 1118 1300 XXXII
1135 1266 1294 1300 chartac.
1315 1276 1409 1300 saec.
1427 1264 1517 1308 XV;

875 1315 1024 1356 quartus
1038 1323 1056 1346 e
1071 1311 1174 1345 libris
1186 1311 1430 1345 bibliothecae
1445 1311 1590 1344 Riccar-

874 1359 998 1391 (lionae
1015 1361 1081 1400 est,
1104 1357 1348 1390 membranae.
1368 1367 1464 1390 saec.
1483 1355 1587 1389 XIV.

876 1403 1023 1447 Inspexi
1045 1403 1110 1436 hos
1133 1402 1244 1436 libros
1267 1402 1381 1436 altero
1404 1401 1534 1445 itinere
1552 1400 1589 1435 in

874 1448 1018 1481 Italiam
1042 1451 1210 1493 suscepto
1234 1447 1366 1492 (1857).
1413 1446 1469 1481 Cf.
1495 1457 1588 1491 quae

879 1492 954 1527 dixi
970 1493 1006 1527 in
1023 1493 1155 1527 Philol.
1173 1493 1230 1527 XI
1247 1492 1324 1527 204.

919 1538 1165 1572 Transeamus
1188 1538 1235 1572 ad
1253 1539 1395 1572 alterius
1419 1537 1586 1581 (deterio-

874 1583 936 1626 ris)
959 1583 1119 1617 familiae
1143 1583 1306 1626 codices,
1330 1583 1431 1617 cuius
1455 1583 1588 1627 princi-

874 1639 958 1673 pem
987 1628 1164 1675 suspicari
1192 1628 1277 1662 licet
1307 1626 1588 1662 Sancroftia-

874 1685 981 1707 num.
1036 1674 1160 1708 Codex
1187 1673 1273 1707 olim
1301 1672 1371 1707 fuit
1400 1672 1588 1708 Guilielmi

876 1717 1069 1762 Sancrofti,
1084 1718 1351 1764 archiepiscopi
1365 1717 1588 1753 Cantuaren-

875 1765 940 1807 sis,
965 1764 1027 1809 qui
1044 1775 1215 1809 magnam
1232 1774 1319 1798 suae
1343 1764 1588 1799 bibliothecae

874 1814 1017 1854 partem
1040 1810 1194 1855 collegio
1218 1809 1443 1843 Emmanuel.
1471 1810 1588 1855 (cujus

875 1855 954 1899 ipse
979 1855 1144 1889 alumnus
1168 1854 1248 1896 suit)
1273 1855 1372 1899 apud
1397 1853 1586 1889 Cantabri-

875 1900 1020 1945 gienses
1033 1903 1252 1934 testamento
1266 1900 1413 1945 legavit.
1447 1900 1513 1934 Est
1530 1911 1587 1934 co-

875 1947 944 1979 dex
960 1945 1191 1987 chartaceus,
1216 1945 1362 1979 saeculo
1386 1945 1462 1980 fere
1480 1945 1587 1980 tertio

876 1990 1015 2024 decimo
1039 1991 1205 2036 scriptus.
1255 1990 1380 2025 Verba
1403 1991 1587 2025 characte-

874 2035 973 2070 ribus
997 2036 1144 2070 minutis
1169 2040 1335 2080 exarata,
1365 2036 1589 2081 compendiis

874 2081 961 2115 satis
979 2081 1124 2115 referta.
1161 2081 1355 2116 Debentur
1371 2082 1462 2116 haec
1480 2086 1516 2116 et
1532 2093 1587 2116 re-

874 2126 973 2170 liqua
990 2127 1122 2171 omnia,
1140 2137 1234 2170 quae
1250 2127 1295 2160 de
1309 2127 1445 2161 codicis
1459 2126 1585 2172 forma,

874 2172 919 2205 de
952 2172 1139 2206 literarum
1172 2172 1284 2205 ductu
1317 2176 1353 2205 et
1387 2172 1588 2217 scripturae

873 2218 979 2251 modo
1001 2218 1039 2251 in
1063 2217 1316 2251 dissertatione
1341 2229 1368 2251 s.
1387 2217 1410 2251 l.
1440 2228 1587 2252 accura-

872 2262 943 2295 tius
959 2262 1118 2307 exposui,
1137 2262 1313 2307 singulari
1326 2272 1460 2306 operae
1478 2267 1588 2307 atque

874 2307 1006 2341 auxilio
1023 2307 1091 2340 viri
1108 2307 1298 2340 clarissimi
1317 2306 1504 2342 Churchill
1515 2309 1587 2343 Ba-

872 2352 1041 2398 bington,
1071 2352 1284 2397 professoris
1310 2351 1589 2399 Cantabrigien-

873 2397 932 2431 sis.
966 2397 1002 2431 Is
1020 2397 1117 2442 quod
1133 2409 1262 2431 munus
1279 2408 1301 2432 a
1314 2408 1371 2432 me
1384 2402 1533 2444 rogatus
1546 2399 1587 2433 li-

872 2443 1045 2477 beraliter
1061 2443 1098 2477 in
1116 2453 1153 2476 se
1171 2443 1343 2488 suscepit,
1363 2444 1510 2489 egregie
1529 2455 1587 2479 ex-

871 2488 999 2533 plevit,
1014 2488 1149 2523 adiecit
1161 2492 1353 2533 praeterea
1365 2489 1488 2523 literas
1502 2490 1586 2524 scri-

871 2537 999 2578 pturae
1014 2533 1148 2568 codicis
1162 2534 1380 2568 assimilatas
1395 2536 1588 2574 (Facsz'mile

872 2579 967 2623 quod
975 2579 1227 2624 appellamus).
1246 2580 1466 2614 Asservatur
1473 2581 1586 2614 codex

870 2636 965 2658 nunc
984 2625 1021 2658 in
1041 2624 1264 2659 bibliotheca
1284 2625 1429 2670 collegii
1442 2625 1585 2660 Emma-

179 2665 337 2706 Quartus
354 2667 460 2702 huius
473 2668 635 2703 familiae
654 2671 770 2703 exstat
788 2680 844 2703 co·
871 2670 986 2703 nuelis
1010 2671 1107 2715 apud
1127 2669 1448 2715 Cantabrigienses
1465 2670 1584 2712 (Wes-

133 2710 201 2743 dex
224 2711 502 2747 Ascevianus
527 2717 583 2756 (=
605 2714 654 2757 K)
683 2725 779 2748 nunc
806 2715 845 2748 in
870 2715 1024 2759 selingio
1057 2715 1210 2760 aliisque
1232 2728 1277 2741 =
1298 2717 1420 2757 Arch„
1460 2726 1584 2750 recen-

132 2755 425 2802 Cantabrigiensi
441 2758 664 2794 bibliotheca
684 2770 843 2794 asserva·
868 2759 1020 2795 tioribus
1043 2759 1222 2796 Herodoti
1251 2760 1448 2795 editoribus
1469 2780 1515 2792 =
1531 2763 1584 2804 S).
