1794 3282
562 247 880 282 ΗΡΟΔΟΤΟΥ
910 247 948 281 Γ.
975 246 1122 281 29-31.
1449 234 1530 276 189

161 317 186 363 ὅ
213 318 341 369 θεός·
374 315 483 373 ἀτάρ
509 333 579 359 τοι
604 314 726 371 ὖμεῐς
749 333 796 372 γε
823 314 871 359 οὗ
897 319 1118 373 χαίροντες
1149 315 1315 370 γέλωτα
1349 312 1421 367 ἐμὲ
1447 312 1533 368 θή-

163 383 340 429 σεσθε.”
392 389 530 427 ταῦτα
557 384 685 435 ε’ίπας
711 383 949 426 ἐνετείλατο
976 392 1094 426 τοῖσι
1119 386 1258 425 ταῦτα
1283 381 1534 437 πρήσσουσι

162 452 265 504 τοὺς
289 452 365 506 μὲν
393 451 510 508 ἱρέας
537 449 920 508 ἀπομαστιγῶσαι,
948 451 1203 507 Αἰγυπτίων
1223 450 1268 492 δὲ
1287 453 1372 491 τῶν
1394 446 1534 490 ἄλλων

161 519 237 564 τὸν
270 517 320 563 ἂν
352 520 523 574 λάβωσι
555 517 791 574 ὁρτάζοντα
823 523 1014 562 κτείνειν.
1075 516 1098 574 ἡ
1135 516 1234 574 ὁρτὴ
1262 517 1337 571 μὲν
1370 514 1419 572 δὴ
1448 516 1536 558 διε-

162 589 313 631 λέλυτο
338 587 642 643 Αἰγυπτίοισι,
679 587 720 629 οἱ
752 588 797 630 δὲ
831 587 941 644 ἱρέες
973 585 1255 636 ἐδικαιεῦντο,
1291 582 1313 627 ὃ
1347 584 1391 626 δὲ
1415 577 1535 634 ἷίπις

163 654 465 712 πεπληγμένος
490 654 564 698 τὸν
588 654 725 712 μηρὸν
757 655 915 712 ἔφθινε
947 654 989 697 ἐν
1020 658 1080 711 τῷ
1109 654 1187 710 ἱρῷ
1218 655 1533 706 κατακείμενος.

162 725 233 766 καὶ
270 722 344 766 τὸν
375 724 451 777 μὲν
482 723 795 779 τελευτήσαντα
827 722 872 765 ἐκ
903 727 979 766 τοῦ
1016 722 1244 779 τρώματος
1275 719 1455 775 ἔθαψαν
1494 718 1536 761 οἱ

165 791 275 848 ἱρέες
300 791 445 847 λάθρῃ
472 791 740 845 Καμβύσεω·
767 790 1005 845 Καμβύσης
1032 790 1090 840 δέ,
1119 786 1179 838 ῶς
1205 787 1377 842 λέγουσι
1402 786 1536 842 Αἰγύ-

163 875 306 910 πτιοι,
347 856 502 900 αύτίκα
539 856 613 900 διὰ
650 861 779 900 τοῦτο
816 857 866 899 τὸ
907 855 1096 913 ἀδίκημα
1128 855 1279 911 ἐμάνη,
1321 854 1402 897 {clm
1435 852 1536 897 οῦδὲ

164 927 376 983 πρότερον
403 926 630 982 φρενήρης.
691 926 763 966 καὶ
788 928 944 981 πρῶτα
975 924 1051 977 μὲν
1081 927 1167 966 τῶν
1198 927 1337 964 κακῶν
1364 921 1536 978 ἐξεργά-

164 1009 272 1036 σατο
297 991 372 1035 τὸν
398 991 611 1049 ἀδελφεὸν
630 992 816 1048 Σμέρδιν
843 991 967 1034 ἐόντα
993 990 1160 1047 πατρὸς
1186 991 1256 1032 καὶ
1275 988 1437 1045 μητρὸς
1462 993 1536 1044 τῆς

163 1059 315 1118 αὐτῆς,
353 1059 428 1103 τὸν
460 1058 703 1115 ἀπέπεμψε
741 1059 783 1111 ἐς
814 1063 985 1116 Πέρσας
1022 1059 1181 1116 φθόνῳ
1221 1057 1267 1110 ἐξ
1294 1057 1534 1113 Αἰγύπτου,

163 1126 234 1172 ὅτι
258 1127 308 1172 τὸ
334 1128 460 1180 τόξον
484 1132 642 1182 μοῦνος
667 1126 868 1184 Περσέων
896 1124 998 1170 ὅσον
1023 1143 1068 1169 τε
1096 1126 1169 1169 ἐπὶ
1196 1126 1274 1168 δύο
1302 1124 1536 1175 δακτύλους

164 1197 329 1252 ε’ίρυσε,
368 1195 418 1238 τὸ
451 1195 575 1253 παρὰ
606 1200 682 1238 τοῦ
708 1195 938 1245 Αἰθίοπος
970 1192 1139 1250 ἤνεικαν
1171 1193 1213 1236 οἱ
1233 1192 1536 1249 Ἰχθυοφάγοι·

163 1269 250 1308 τῶν
277 1265 323 1307 δὲ
349 1261 490 1306 ἄλλων
515 1266 717 1320 Περσέων
744 1261 887 1314 οὗδεὶς
914 1261 1008 1313 οἶός
1038 1278 1083 1304 τε
1116 1261 1292 1318 ἐγένετο.
1355 1259 1539 1314 ἀποιχο-

163 1335 293 1387 μένου
322 1326 381 1375 ῶν
408 1331 451 1382 ἐς
475 1335 648 1388 Πέρσας
674 1336 750 1374 τοῦ
770 1331 983 1387 Σμέρδιος
1010 1328 1116 1385 ὄψιν
1143 1327 1230 1372 εἶδε
1257 1328 1279 1372 ὃ
1301 1329 1539 1384 Καμβύσης

165 1400 209 1443 ἐν
229 1404 295 1456 ,τῷ
322 1397 444 1455 ῧπνῳ
471 1399 660 1455 τοιήνδε·
702 1398 824 1451 ἔδοξέ
855 1399 898 1441 οἱ
929 1396 1105 1454 ἄγγελον
1138 1397 1328 1440 ἐλθόντα
1359 1397 1403 1440 ἐκ
1428 1405 1539 1453 Περ-

166 1472 276 1511 σέων
314 1466 532 1524 ἀγγέλλειν
565 1465 623 1518 ιῦς
656 1466 697 1509 ἐν
728 1471 789 1523 τῴ
820 1466 970 1523 θρόνῳ
1002 1470 1063 1521 τῷ
1094 1467 1309 1522 βασιληίῳ
1345 1465 1538 1519 ἱζόμενος

165 1536 351 1592 Σμέρδις
376 1539 428 1592 τῇ
453 1536 619 1591 κεφαλῇ
645 1538 721 1576 τοῦ
744 1532 927 1590 οὐρανοῦ
948 1535 1148 1589 ψαύσειε.
1187 1532 1299 1589 πρὸς
1320 1527 1379 1575 ὦν
1399 1536 1536 1574 ταῦτα

167 1604 317 1654 δείσας
342 1604 445 1659 περὶ
471 1601 633 1644 ἑωυτοῦ
659 1602 716 1657 μή
743 1619 816 1656 μιν
843 1600 1104 1653 ἀποκτείνας
1130 1599 1151 1643 ὃ
1181 1599 1395 1658 ἀδελφεὸς
1417 1599 1535 1656 ἄρξῃ,

167 1675 336 1725 πέμπει
366 1670 636 1727 Πρηξάσπεα
669 1669 711 1720 ἐς
742 1673 931 1725 Πέρσας,
966 1666 1015 1720 ὃς
1047 1669 1089 1712 οἱ
1123 1663 1169 1725 ἧν
1202 1666 1306 1724 ἀνὴρ
1338 1671 1539 1722 Περσέων

168 1738 456 1790 πιστότατος,
492 1736 808 1780 ἀποκτενέοντά
840 1755 926 1792 μιν.
989 1735 1012 1780 ὁ
1047 1738 1092 1779 δὲ
1124 1735 1287 1791 ἀναβὰς
1320 1735 1362 1787 ἐς
1392 1739 1540 1778 Σοῦσα

168 1806 392 1850 ἀπέκτεινε
418 1805 615 1861 Σμέρδιν,
645 1805 687 1848 οἱ
710 1806 786 1859 μὲν
813 1807 986 1861 λέγουσι
1013 1803 1086 1847 ἐπ’
1105 1803 1236 1861 ἄγρην
1263 1803 1537 1859 ἐξαγαγόντα,

168 1874 211 1917 οἱ
239 1874 285 1916 δὲ
311 1872 353 1925 ἐς
378 1872 452 1930 τὴν
470 1872 680 1930 Ἐρυθρὴν
701 1874 934 1916 θάλασσαν
960 1872 1296 1930 προσαγαγόντα
1322 1887 1540 1914 καταπον-

168 1945 322 1984 τῶσαι.

253 2013 434 2066 Πρῶτον
465 2009 541 2063 μὲν
574 2008 623 2065 δὴ
663 2008 837 2064 λέγουσι
869 2008 1082 2064 Καμβύσῃ
1117 2012 1203 2051 τῶν
1240 2011 1380 2050 κακῶν
1413 2004 1539 2063 ἄρξαι

167 2081 317 2120 τοῦτο·
346 2078 526 2133 δεύτερα
552 2077 598 2119 δὲ
625 2075 886 2132 ἐξεργάσατο
912 2075 986 2133 τὴν
1007 2073 1220 2133 ἀδελφεὴν
1243 2075 1540 2132 ἐπισπομένην

169 2145 212 2188 οἱ
238 2145 280 2197 ἐς
303 2147 540 2201 Αἴγυπτον,
568 2148 620 2201 τῇ
640 2146 712 2187 καὶ
732 2148 923 2188 συνοίκεε
943 2146 1015 2187 καὶ
1041 2137 1088 2200 ἧν
1115 2143 1157 2186 οἱ
1183 2141 1261 2187 ἀπ’
1280 2142 1540 2201 ἀμφοτέρων

171 2212 375 2270 ἀδελφεή.
438 2212 565 2269 ἔγημε
598 2213 644 2255 δὲ
676 2210 806 2269 αὗτὴν
839 2206 942 2255 ὦδε·
983 2210 1186 2266 οὐδαμῶς
1221 2211 1303 2269 γὰρ
1343 2211 1541 2255 ἐώθεσαν

170 2281 384 2336 πρότερον
403 2285 503 2337 τῇσι
523 2278 762 2336 ἀδελφεῇσι
782 2284 1014 2324 συνοικέειν
1033 2283 1217 2336 Πέρσαι·
1245 2278 1419 2335 ἠράσθη
1440 2283 1542 2334 μιῆς

171 2353 257 2391 τῶν
284 2346 508 2405 ἀδελφεῶν
533 2348 786 2404 Καμβύσης,
820 2350 891 2391 καὶ
918 2348 1085 2391 ἔπειτεν
1115 2347 1379 2401 βουλόμενος
1411 2344 1541 2402 αὐτὴν

171 2420 318 2472 γῆμαι,
347 2412 415 2458 ὅτι
441 2414 517 2458 οῦκ
543 2415 720 2458 ἐωθότα
747 2415 919 2459 ἐπενόεε
945 2415 1158 2471 ποιήσειν,
1195 2415 1333 2471 εἴρετο
1360 2415 1543 2465 καλέσας

171 2484 273 2535 τοὺς
302 2485 557 2540 βασιληίους
590 2482 795 2534 δικαστὰς
826 2482 869 2525 εἴ
895 2500 962 2533 τις
989 2483 1080 2526 ἔστι
1106 2482 1287 2525 κελεύων
1312 2480 1444 2535 νόμος
1469 2480 1542 2525 τὸν

171 2552 435 2608 βουλόμενον
462 2549 651 2607 ἀδελφεῇ
679 2554 924 2594 συνοικέειν.
964 2551 1006 2593 οἱ
1027 2551 1072 2593 δὲ
1090 2550 1317 2607 βασιλήιοι
1343 2550 1544 2593 δικασταὶ

173 2623 414 2678 κεκριμένοι
440 2617 590 2675 ἄνδρες
621 2623 812 2674 γίνονται
836 2623 1051 2675 Περσέων,
1086 2617 1128 2669 ἐς
1161 2617 1183 2661 ὃ
1218 2615 1485 2661 ἀποθάνωσι
1519 2615 1545 2674 ἤ

175 2705 257 2745 σφι
282 2692 537 2746 παρευρεθῇ
564 2705 606 2730 τι
632 2685 797 2740 ἄδικον,
832 2687 956 2742 μέχρι
981 2687 1157 2730 τούτου·
1197 2680 1319 2729 οῦτοι
1351 2686 1397 2729 δὲ
1426 2694 1544 2729 τοῖσι

177 2760 367 2815 Πέρσῃσι
383 2758 502 2808 δίκας
517 2756 740 2808 δικάζουσι
754 2757 824 2799 καὶ
841 2755 1040 2812 ἐξηγηταὶ
1054 2759 1138 2798 τῶν
1153 2758 1350 2811 πατρίων
1364 2758 1544 2809 θεσμῶν

1560 799 1594 824 30

1565 2020 1597 2046 31
