1794 3282
485 290 800 325 ΗΡΟΔΟΤΟΥ
830 291 871 324 Δ.
900 289 1090 326 122-125.
1392 279 1477 322 289

110 359 531 418 ἐστρατοπεδεύοντο
556 357 611 402 τὰ
638 358 680 402 ἐκ
705 364 780 416 τῆς
804 363 880 416 γῆς
905 359 1103 416 φυόμενα
1133 359 1385 410 λεαίνοντες.
1436 357 1479 402 οἳ

111 429 158 471 δὲ
183 431 348 485 Πέρσαι
375 424 434 478 ὦς
454 424 568 470 εἶδον
589 426 878 484 ἐπιφανεῖσαν
896 431 981 469 τῶν
1000 430 1208 470 Σκυθέων
1226 425 1303 483 τὴν
1321 426 1473 479 ἵππον,

110 495 295 552 ἐπήισαν
321 494 429 538 κατὰ
456 498 604 549 στίβον
630 495 716 537 αἰεὶ
741 492 1018 550 ὑπαγόντων·
1053 497 1125 537 καὶ
1151 494 1321 538 ἔπειτεν
1347 493 1477 551 (πρὸς

108 562 190 619 γὰρ
226 561 302 619 τὴν
337 566 441 617 μίαν
471 566 556 605 τιῦν
591 566 780 618 μοιρέων
811 564 991 616 ἴθυσαν)
1029 563 1071 606 οἱ
1101 566 1267 620 Πέρσαι
1300 561 1477 605 ἐδίωκον

110 629 222 687 πρὸς
246 628 310 687 ἠῶ
335 647 382 674 τε
406 632 478 673 καὶ
502 634 580 674 τοῦ
604 630 825 682 Τανάϊδος.
876 630 1118 685 διαβάντων
1145 631 1191 673 6&
1215 629 1378 673 τούτων
1401 628 1477 673 τὸν

113 699 270 741 Τάναϊν
300 697 501 752 ποταμὸν
533 697 576 741 οἱ
605 697 771 754 Πέρσαι
803 698 1109 752 ἐπιδιαβάντες
1142 698 1337 751 ἐδίωκον,
1378 697 1421 749 ἐς
1453 697 1476 740 ὃ

109 771 196 809 τιῦν
227 770 546 822 Σαυροματέων
575 765 651 822 τὴν
678 766 821 823 χώρην
854 767 1151 819 διεξελθόντες
1188 765 1397 809 ἀπίκοντο
1436 765 1478 817 ἐς

108 833 183 889 τὴν
207 838 293 877 τῶν
317 834 552 877 Βουδίνων.
603 831 706 877 ὅσον
730 835 805 888 μὲν
833 833 882 890 δὴ
905 835 1059 890 χρόνον
1087 835 1129 877 οἱ
1154 838 1322 892 Πέρσαι
1346 831 1475 890 ἤισαν

111 901 185 944 διὰ
216 906 292 959 τῆς
322 905 541 958 Σκυθικῆς
577 903 649 944 καὶ
678 905 754 957 τῆς
785 903 1116 958 Σαυρομάτιδος
1149 903 1311 959 χώρης,
1353 902 1395 944 οἱ
1434 902 1478 944 6&

110 967 223 1022 εἶχον
245 967 368 1012 οὐδὲν
389 973 594 1013 σίνεσθαι
614 966 690 1012 ἅτε
708 973 783 1025 τῆς
799 969 942 1024 χώρης
957 969 1110 1026 ἐούσης
1127 974 1305 1026 χέρσου·
1333 969 1478 1012 ἐπείτε

111 1038 156 1080 δὲ
177 1037 219 1088 ἐς
238 1036 312 1094 τὴν
334 1041 419 1080 τιῦν
433 1037 653 1080 Βουδίνων
670 1037 812 1093 χώρην
834 1036 1050 1091 ἐσέβαλον,
1081 1037 1274 1081 ἐνθαῦτα
1295 1038 1344 1094 δὴ
1361 1036 1478 1080 ἐντυ-

106 1105 254 1158 χόντες
277 1109 339 1160 τῷ
366 1106 518 1159 ξυλίνῳ
545 1108 687 1157 τείχεϊ,
717 1103 1032 1147 ἐκλελοιπότων
1055 1109 1142 1148 τῶν
1161 1106 1382 1148 Βουδίνων
1407 1107 1479 1147 καὶ

107 1175 410 1226 κεκεινωμένου
431 1176 508 1214 τοῦ
528 1175 691 1224 τείχεος
711 1171 898 1222 πάντων,
928 1170 1168 1227 ἐνέπρησαν
1189 1171 1309 1215 αὐτό.
1348 1176 1478 1215 τοῦτο

109 1241 156 1282 δὲ
180 1240 442 1296 ποιήσαντες
468 1239 644 1282 εἵποντο
671 1238 758 1281 αἰεὶ
781 1238 831 1282 τὸ
864 1239 1018 1295 πρόσω
1045 1238 1155 1283 κατὰ
1188 1244 1350 1294 στίβον,
1387 1239 1429 1291 ἐς
1455 1240 1476 1283 ὃ

110 1307 406 1360 διεξελθόντες
430 1307 588 1364 ταύτην
615 1306 657 1358 ἐς
675 1306 750 1363 τὴν
771 1306 927 1363 ἐρῆμον
948 1305 1170 1351 ἀπίκοντο.
1209 1306 1232 1364 ἡ
1256 1308 1302 1350 δὲ
1322 1306 1479 1365 ἐρῆμος

110 1373 217 1431 αὕτη
249 1373 322 1417 ὕπ’
346 1373 549 1428 οὐδαμῶν
580 1378 754 1428 νέμεται
787 1373 970 1431 ἀνδρῶν,
1009 1374 1152 1418 κέεται
1184 1376 1230 1418 6&
1261 1374 1372 1431 ὑπὲρ
1404 1380 1479 1432 τῆς

108 1443 328 1488 Βουδίνων
350 1442 493 1499 χώρης
519 1441 651 1484 ἐοῦσα
670 1444 846 1499 πλῆθος
866 1441 979 1486 ἑπτὰ
997 1441 1189 1500 ἡμερέων
1210 1441 1329 1486 ὁδοῦ.
1369 1442 1477 1500 ὗπὲρ

111 1512 156 1554 6&
180 1515 256 1567 τῆς
282 1509 440 1567 ἐρήμου
464 1509 734 1566 Θυσσαγέται
759 1510 962 1562 οἰκέουσι,
991 1513 1184 1565 ποταμοὶ
1207 1512 1253 1554 6&
1274 1511 1320 1564 ἐξ
1338 1509 1478 1554 αὐτῶν

108 1578 309 1635 τέσσερες
333 1578 516 1633 μεγάλοι
540 1577 707 1635 ῥέοντες
739 1577 812 1621 διὰ
837 1582 1066 1635 Μαιητέων
1093 1578 1313 1622 ἐκδιδοῦσι
1339 1578 1382 1630 ἐς
1406 1579 1479 1635 τὴν

110 1649 260 1702 λίμνην
290 1644 365 1702 τὴν
396 1647 653 1701 καλεομένην
683 1651 887 1703 Μαιῆτιν,
926 1656 1044 1690 τοῖσι
1082 1644 1302 1701 οὗνόματα
1338 1651 1481 1690 κέεται

109 1715 232 1766 τάδε,
272 1714 416 1764 Λύκος
431 1712 579 1769 Ὄαρος
609 1714 765 1765 Τάναϊς
795 1715 964 1771 Σύργις.
1021 1714 1119 1758 ἐπεὶ
1151 1709 1208 1757 ὦν
1241 1713 1262 1757 ὃ
1296 1722 1480 1773 Δαρεῖος

109 1776 221 1839 ἦλθε
247 1781 290 1833 ἐς
314 1781 389 1838 τὴν
415 1781 581 1838 ἐρῆμον,
616 1782 896 1837 παυσάμενος
926 1787 1003 1826 τοῦ
1036 1783 1199 1839 δρόμου
1232 1783 1381 1839 ἵδρυσε
1406 1782 1480 1839 τὴν

111 1849 315 1907 στρατιὴν
354 1849 429 1892 ἐπὶ
465 1854 652 1906 ποταμῷ
684 1848 830 1908 Ὀάρῳ.
891 1855 1019 1893 τοῦτο
1058 1852 1104 1894 δὲ
1140 1851 1332 1907 ποιήσας
1368 1848 1479 1894 ὂκτώ

109 1922 254 1971 τείχεα
280 1917 434 1970 ἐτείχεε
459 1919 644 1974 μεγάλα,
672 1918 768 1961 ἰ’σον
794 1915 870 1961 ἀπ’
889 1916 1082 1976 ἀλλήλων
1109 1916 1342 1972 ἀπέχοντα,
1378 1935 1482 1962 στα-

112 1986 232 2036 δίους
259 1984 318 2036 (ὗς
343 1985 546 2042 ἑξήκοντα
570 1986 762 2040 μάλιστά
788 1999 858 2043 κῃ·
883 1991 969 2030 τῶν
990 1987 1054 2030 ἔτι
1076 1986 1118 2038 ἐς
1138 1986 1211 2041 ἐμὲ
1232 1986 1287 2029 τὰ
1308 1987 1482 2043 ἐρείπια

111 2054 196 2096 σόα
220 2047 282 2110 ἧν.
339 2053 380 2096 ἐν
407 2048 441 2110 ᾦ
468 2054 515 2096 δὲ
541 2048 669 2105 οὗτος
693 2053 806 2111 πρὸς
829 2059 966 2097 ταῦτα
993 2054 1224 2112 ἐτράπετο,
1260 2055 1302 2097 οἱ
1328 2055 1483 2098 διωκό-

109 2137 233 2176 μενοι
256 2121 431 2165 Σκύθαι
455 2122 766 2178 περιελθόντες
789 2121 844 2165 τὰ
868 2123 1120 2181 κατύπερθε
1138 2121 1413 2181 ὑπέστρεφον
1440 2123 1483 2175 ἐς

109 2189 184 2246 τὴν
209 2190 439 2246 Σκυθικήν.
480 2188 814 2247 ἀφανισθέντων
840 2192 886 2234 6&
910 2192 1076 2234 τούτων
1095 2190 1144 2235 τὸ
1166 2192 1391 2248 παράπαν,
1422 2190 1481 2243 ὥς

111 2256 255 2300 οὐκέτι
286 2257 574 2314 ἐφαντάζοντό
609 2275 708 2315 σφι,
744 2257 858 2302 οὕτω
887 2259 937 2317 δὴ
965 2257 987 2303 ὃ
1015 2267 1200 2316 Δαρεῖος
1230 2263 1375 2312 τείχεα
1404 2260 1481 2314 μὲν

111 2326 251 2368 ἐκεῖνα
281 2323 463 2380 ἡμίεργα
493 2330 664 2381 μετῆκε,
706 2324 838 2378 αὐτὸς
871 2327 917 2369 δὲ
946 2325 1235 2384 ὑποστρέψας
1270 2325 1339 2384 ἤιε
1370 2325 1482 2385 πρὸς

110 2392 314 2450 ἕσπέρην,
349 2393 509 2435 δοκέων
539 2393 718 2443 τούτους
748 2411 794 2436 τε
826 2395 995 2445 πάντας
1026 2394 1127 2446 τοὺς
1157 2396 1337 2446 Σκύθας
1369 2393 1480 2438 εἶναι

109 2463 179 2503 καὶ
207 2459 319 2516 πρὸς
344 2459 529 2516 ἕσπέρην
556 2465 695 2517 σφέας
721 2461 907 2518 φεύγειν.
965 2462 1153 2505 ἐλαύνων
1187 2463 1233 2505 6&
1257 2462 1331 2520 τὴν
1357 2468 1477 2517 ταχί-

110 2545 213 2585 στην
237 2526 311 2571 τὸν
338 2527 520 2583 στρατὸν
547 2526 605 2578 ὡς
631 2528 674 2579 ἐς
698 2528 772 2585 τὴν
796 2528 1014 2587 Σκυθικὴν
1046 2528 1248 2582 ἀπίκετο,
1285 2530 1479 2589 ἐνέκυρσε

110 2594 386 2653 ἀμφοτέρῃσι
405 2601 503 2652 τῇσι
521 2600 700 2653 μοίρῃσι
718 2601 803 2638 τῶν
818 2596 1037 2650 Σκυθέων,
1062 2597 1242 2651 ἐντυχὼν
1263 2599 1308 2641 δὲ
1329 2599 1478 2643 ἐδίωκε

110 2663 435 2721 ὑπεκφέροντας
465 2662 624 2720 ἡμέρης
656 2662 758 2720 ὁδῷ.
821 2667 893 2707 καὶ
931 2664 979 2708 οὗ
1011 2665 1092 2721 γὰρ
1131 2663 1242 2710 ἆνίει
1279 2666 1415 2711 ἐπιὼν
1453 2667 1476 2710 ὅ

111 2739 308 2787 Δαρεῖος,
338 2731 380 2773 οἱ
404 2732 577 2775 Σκύθαι
601 2731 710 2775 κατὰ
735 2730 790 2775 τὰ
813 2733 1131 2788 βεβουλευμένα
1161 2732 1408 2793 ὑπέφευγον
1434 2736 1477 2787 ἐς

110 2804 196 2842 τιῦν
228 2797 540 2853 ἀπειπαμένων
570 2799 644 2873 τὴν
676 2803 886 2858 σφετέρην
918 2807 1178 2859 συμμαχίην,
1219 2804 1395 2861 πρώτην
1428 2805 1476 2847 δὲ

182 2866 311 2894 Herodoti
328 2867 374 2894 vol.
390 2868 413 2895 I.
1185 2871 1228 2906 19

1503 848 1550 872 123

1506 1729 1554 1753 124

1505 2476 1552 2501 123
