1794 3282
504 282 817 318 ΗΡΟΔΟΤΟΥ
847 282 888 315 Δ.
915 280 1104 316 149-152,
1408 269 1492 311 299

122 353 360 402 καλέονται,
389 350 503 408 φυλὴ
529 351 691 407 μεγάλη
720 350 761 393 ἐν
781 350 975 407 Σπάρτῃ.
1024 358 1140 392 τοῖσι
1168 349 1213 391 δὲ
1239 348 1281 391 ἒν
1305 352 1356 406 τῇ
1377 350 1491 406 φυλῇ

121 419 254 475 ταύτῃ
282 416 468 474 ἀνδράσι
494 416 541 461 οὗ
568 417 649 474 γὰρ
675 416 909 472 ὑπέμειναν
934 417 988 460 τὰ
1014 416 1158 468 τέκνα,
1189 416 1419 474 ἱδρύσαντο
1447 415 1491 459 ἐκ

122 490 405 542 θεοπροπίου
429 485 626 543 Ἐρινύων
650 490 736 528 τῶν
761 489 901 528 Λαίου
929 501 975 527 τε
1000 486 1071 527 καὶ
1099 484 1344 528 Οἰδιπόδεω
1380 483 1490 540 ἱρόν·

121 555 195 595 καὶ
218 553 328 607 μετὰ
353 558 484 597 τοῦτο
514 552 715 608 ὑπέμεινε
739 551 880 596 τώυτὸ
907 557 1036 595 τοῦτο
1062 554 1133 595 καὶ
1167 551 1208 594 ἒν
1238 551 1350 608 Θήρῃ
1375 559 1493 594 τοῖσι

124 618 215 675 ἀπὸ
241 625 327 664 τιῦν
354 619 520 679 ἀνδρῶν
544 621 712 664 τούτων
736 621 946 676 γεγονόσι.

210 687 348 745 Μέχρι
377 693 454 742 μέν
486 706 558 732 νυν
588 689 745 732 τούτου
777 692 854 731 τοῦ
886 689 1015 743 λόγου
1043 686 1384 741 Λακεδαιμόνιοι
1413 692 1494 743 Θη-

124 759 293 811 ραίοισι
329 755 438 799 κατὰ
474 754 609 799 ταῦτα
642 755 832 812 λέγουσι,
871 754 921 799 τὸ
956 756 1002 798 δὲ
1033 753 1123 798 ἀπὸ
1155 755 1309 798 τούτου
1341 758 1495 808 μοῦνοι

1519 698 1567 724 150

129 829 311 879 Θηραῖοι
343 817 428 866 ὦδε
453 828 660 879 γενέσθαι
691 823 877 879 λέγουσι.
937 831 1090 878 Γρῖνος
1122 821 1145 865 ὁ
1171 823 1381 866 Αἰσανίου
1415 820 1494 864 έιὺν
1522 870 1529 876 l

128 891 245 946 Θήρα
275 891 430 934 τούτου
465 889 683 947 ἀπόγονος
713 893 785 934 καὶ
814 891 1057 945 βασιλεύων
1091 891 1227 946 Θήρης
1256 894 1332 946 τῆς
1362 890 1492 945 νήσου

123 955 309 1001 ἀπίκετο
349 958 391 1010 ἒς
423 958 621 1016 Δελφοὺς
658 956 772 1014 ἄγων
811 957 900 1001 ἀπὸ
937 963 1012 1015 τῆς
1048 959 1204 1009 πόλιος
1235 957 1492 1012 ἑκατόμβην·

126 1025 302 1068 εἵποντο
331 1027 378 1069 δέ
403 1027 445 1069 οἱ
469 1028 539 1069 καὶ
561 1024 685 1068 ἄλλοι
704 1030 788 1068 τῶν
809 1028 1052 1082 πολιητέων
1072 1028 1143 1068 καὶ
1164 1025 1213 1082 δὴ
1235 1027 1306 1067 καὶ
1326 1025 1494 1074 Βάττος

125 1091 148 1135 ὃ
181 1094 511 1150 Πολυμνήστου,
551 1092 631 1136 έιὺν
666 1096 786 1148 γένος
821 1092 1125 1150 Εὐφημίδης
1161 1098 1247 1135 τιῦν
1285 1095 1493 1135 Μινυέων.

121 1160 340 1216 χρεομένῳ
381 1161 427 1203 δὲ
462 1165 524 1216 τῷ
561 1164 699 1217 Γρίνῳ
737 1165 798 1216 τῷ
834 1163 1008 1214 βασιλέϊ
1037 1165 1122 1202 τιῦν
1161 1164 1356 1217 Θηραίων
1394 1160 1496 1215 περὶ

124 1225 265 1269 ἄλλων
281 1232 365 1284 χρᾷ
388 1225 412 1284 ἡ
434 1231 581 1283 Πυθίη
602 1228 755 1279 κτίζειν
778 1227 819 1270 ἐν
837 1228 980 1285 Λιβύῃ
1001 1229 1142 1271 πόλιν.
1182 1225 1204 1270 ὁ
1226 1228 1271 1270 δὲ
1292 1225 1495 1280 ἀμείβετο

123 1297 256 1351 λέγων
277 1292 392 1351 ((ἕγιὺ
417 1294 506 1349 μέν,
535 1289 660 1347 ὦναξ,
689 1297 983 1351 πρεσβύτερός
1001 1312 1047 1338 τε
1066 1293 1146 1351 ἤδη
1163 1294 1249 1349 εἰμὶ
1270 1296 1339 1336 καὶ
1360 1292 1495 1349 βαρὺς

124 1361 377 1420 ἀείρεσθαι·
405 1361 456 1405 σὺ
485 1363 532 1405 δέ
555 1380 651 1405 τινα
676 1363 810 1405 τιῦνδε
835 1368 920 1406 τιῦν
946 1362 1165 1419 νεωτέρων
1189 1361 1332 1405 κέλευε
1358 1366 1494 1404 ταῦτα

124 1428 332 1473 ποιέειν.”
374 1427 465 1484 ἅμα
489 1446 535 1472 τε
561 1429 676 1486 ἔλεγε
695 1435 831 1473 ταῦτα
856 1432 926 1473 καὶ
949 1430 1133 1473 ἐδείκνυε
1154 1430 1200 1472 δὲ
1218 1428 1292 1472 τὸν
1311 1429 1493 1472 Βάττον.

123 1498 222 1540 τότε
246 1498 322 1552 μὲν
347 1501 558 1541 τοσαῦτα·
584 1496 694 1551 μετὰ
720 1498 766 1540 δὲ
787 1496 1057 1548 ἀπελθόντες
1078 1495 1253 1553 ἀλογίην
1279 1495 1391 1550 εἶχον
1415 1501 1492 1539 τοῦ

121 1570 397 1622 χρηστηρίου,
427 1562 524 1608 οὔτε
550 1567 718 1621 Λιβύην
744 1566 908 1616 εἰδότες
935 1562 1035 1608 ὅκου
1062 1569 1137 1621 γῆς
1163 1565 1241 1620 εἴη,
1271 1563 1368 1607 οἰῖτε
1394 1566 1494 1607 τολ-

124 1637 299 1688 μέοντες
325 1632 368 1684 ἒς
388 1631 551 1690 ἀφανὲς
569 1637 712 1689 χρῆμα
732 1630 1016 1676 ἀποστέλλειν
1043 1631 1259 1689 ἀποικίην.
1310 1630 1422 1674 ἑπτα
1447 1632 1493 1674 δὲ

126 1701 254 1744 ἐτέων
278 1699 388 1755 μετὰ
413 1705 550 1744 ταῦτα
577 1699 653 1743 οὐκ
679 1694 725 1743 ὗε
749 1699 824 1757 τὴν
853 1701 1000 1757 Θήρην,
1031 1700 1072 1743 ἒν
1097 1709 1214 1743 τοῖσι
1239 1698 1293 1742 τὰ
1320 1699 1496 1754 δένδρεα

127 1770 271 1812 πάντα
303 1785 385 1826 σφι
414 1767 469 1812 τὰ
502 1767 543 1811 ἒν
574 1773 623 1825 τῇ
654 1768 769 1824 νήσῳ
807 1768 917 1824 πλὴν
950 1767 1042 1819 ἑνὸς
1079 1767 1310 1823 ἐξαυάνθη.
1375 1783 1496 1823 χρεο-

125 1836 297 1890 μένοισι
334 1837 380 1879 δὲ
416 1845 534 1879 τοῖσι
574 1840 802 1892 Θηραίοισι
841 1840 1060 1893 προέφερε
1096 1834 1119 1891 ἡ
1158 1839 1305 1890 Πυθίη
1342 1834 1417 1890 τὴν
1455 1834 1497 1884 ἐς

127 1905 293 1960 Λιβύην
320 1901 540 1960 ἀποικίην.
610 1903 755 1947 ἐπείτε
782 1904 828 1946 δὲ
852 1909 982 1947 κακοῦ
1014 1901 1137 1946 οὐδὲν
1168 1897 1218 1959 ἧν
1244 1919 1325 1959 σφι
1349 1906 1494 1957 μῆχος,

128 1975 357 2026 πέμπουσι
384 1971 426 2023 ἒς
451 1972 620 2028 Κρήτην
647 1969 852 2027 ἀγγέλους
879 1971 1128 2027 διζημένους
1160 1971 1202 2013 εἴ
1228 1986 1294 2020 τις
1318 1973 1497 2026 Κρητῶν

128 2038 154 2096 ἢ
179 2044 390 2094 μετοίκιον
423 2038 660 2095 ἀπιγμένος
692 2040 756 2095 εἴη
790 2039 833 2090 ές
863 2040 1044 2095 Λιβύην.
1105 2036 1499 2092 περιπλανεόμενοι

130 2109 178 2151 δὲ
204 2106 335 2164 αὐτὴν
362 2101 483 2150 οὗτοι
509 2105 718 2150 ἀπίκοντο
750 2109 823 2149 καὶ
855 2105 1075 2157 ές”[τανον
1106 2106 1254 2157 πόλιν,
1291 2104 1332 2147 ἕν
1362 2104 1496 2160 ταύτῃ

131 2176 178 2218 δὲ
204 2179 496 2230 συμμίσγουσι
523 2174 647 2230 ἀνδρὶ
672 2174 894 2232 πορφυρέϊ
917 2179 978 2230 τῷ
1006 2172 1168 2227 οὔνομα
1189 2167 1237 2229 ἧν
1257 2173 1496 2228 Κορώβιος,

131 2243 180 2293 ὃς
205 2242 287 2300 ἔφη
313 2240 385 2286 ὑπ’
405 2241 573 2296 ἀνέμων
599 2241 877 2295 ἀπενειχθεὶς
903 2240 1147 2285 ἀπικέσθαι
1175 2241 1217 2291 ές
1237 2241 1403 2295 Λιβύην
1428 2241 1498 2281 καὶ

132 2311 300 2365 Λιβύης
331 2310 374 2360 ἐς
399 2310 596 2352 Πλατέαν
626 2314 766 2366 νῆσον.
823 2313 976 2365 μισθῷ
1010 2310 1056 2351 δὲ
1087 2313 1240 2351 τοῦτον
1271 2311 1501 2357 πείσαντες

132 2372 233 2434 ἧγον
266 2377 308 2428 ές
341 2377 495 2432 Θήρην,
529 2375 574 2419 ἐκ
605 2376 652 2419 δὲ
679 2378 816 2433 Θήρης
849 2376 1018 2419 ἔπλωον
1048 2376 1319 2418 κατάσκοποι
1351 2372 1500 2430 ἄνδρες

132 2445 187 2488 τὰ
218 2449 374 2502 πρῶτα
406 2442 455 2486 οὗ
489 2445 666 2486 πολλοί·
703 2447 1053 2500 κατηγησαμένου
1087 2443 1133 2485 δὲ
1162 2446 1239 2485 τοῦ
1270 2445 1498 2498 Κορωβίου

134 2512 177 2564 ἒς
202 2512 276 2569 τὴν
300 2517 428 2569 νῆσον
458 2512 617 2567 ταύτην
649 2510 699 2568 δὴ
730 2510 804 2567 τὴν
830 2510 1037 2561 Πλατέαν,
1070 2509 1143 2552 τὸν
1173 2510 1250 2563 μὲν
1274 2510 1499 2565 Κορώβιον

134 2583 355 2633 λείπουσι,
395 2584 513 2623 σιτία
545 2579 856 2629 καταλιπόντες
887 2577 1053 2633 ὁσωνδὴ
1091 2581 1252 2633 μηνῶν,
1293 2575 1417 2620 αι’-τοὶ
1452 2578 1501 2620 δὲ

135 2648 307 2691 ἔπλωον
337 2647 410 2704 τὴν
441 2651 642 2702 ταχίστην
674 2645 1011 2702 ἀπαγγελέοντες
1038 2649 1266 2702 Θηραίοισι
1292 2647 1392 2700 περὶ
1425 2650 1500 2701 τῆς

135 2715 281 2772 νήσου.
343 2713 680 2770 ἀποδημεόντων
707 2714 939 2757 δὲ’τούτων
964 2716 1083 2757 πλέω
1114 2713 1266 2771 χρόνον
1296 2717 1372 2755 τοῦ
1399 2729 1498 2768 συγ-

135 2786 330 2838 κειμένου
355 2781 430 2826 τὸν
455 2783 680 2840 Κορώβιον
707 2780 887 2825 ἐπέλιπε
911 2779 965 2824 τὰ
990 2781 1148 2825 πάντα.
1191 2779 1302 2835 μετὰ
1329 2781 1375 2823 δὲ
1400 2785 1501 2838 νηῦς

1519 1645 1566 1670 151

1526 2725 1575 2752 152
