1794 3282
234 697 266 721 ‘27

236 1648 268 1672 28

294 269 375 311 188
698 272 1012 309 ΗΡΟΔΟΤΟΥ
1041 273 1081 306 Γ.
1106 272 1252 307 26—29.

289 364 336 390 τε
363 344 520 396 αὐτοὺς
545 344 704 396 μεταξύ
732 359 806 385 κου
833 342 1025 396 μάλιστα
1051 339 1191 384 αὐτῶν
1216 357 1262 384 τε
1287 343 1359 384 καὶ
1383 346 1458 398 τῆς
1479 340 1659 394 Ὀάσιος,

293 412 468 469 ἄριστον
495 412 787 466 αἱρεομένοισι
813 407 987 452 αὐτοῖσι
1014 408 1278 452 ἐπιπνεῦσαι
1307 409 1432 453 νότον
1456 414 1589 466 μέγαν
1613 426 1661 452 τε

290 482 362 522 καὶ
389 479 590 531 ἐξαίσιον,
620 477 836 556 φορέοντα
863 477 908 520 53
933 481 1065 527 θῖνας
1088 481 1165 533 τῆς
1195 477 1384 532 ψάμμου
1410 480 1662 531 καταχιῦσαί

293 564 442 604 σφεας,
470 548 539 588 καὶ
566 546 719 603 τρόπῳ
746 545 930 601 τοιούτω
958 542 1275 601 ἀφανισθῆναι.
1326 542 1559 599 Αμμιόνιοι
1583 546 1662 599 μὲν

293 612 405 657 οὕτω
432 616 606 670 λέγουσι
629 612 838 669 γενέσθαι
863 614 965 669 περὶ
989 617 1064 668 τῆς
1091 616 1295 669 στρατιῆς
1318 612 1492 669 ταύτης.

374 680 625 738 Σίπιγμένου
648 682 693 724 53
708 681 953 735 Καμβύσεω
970 679 1012 731 ἐς
1025 683 1201 736 Μέμφιν
1223 679 1360 736 ἐφάνη
1375 680 1662 736 Αἰγυπτίοισι

294 744 459 801 &filma
486 746 760 804 τὸνἝλληνες
770 747 970 806 Ἔπαφον
988 750 1211 791 καλέουσι·
1239 747 1477 806 ἐπιφανέος
1498 748 1544 791 53
1562 749 1664 790 τού-

291 836 367 862 του
393 821 619 874 γενομένου
648 815 800 860 αὐτίκα
827 816 868 859 οἱ
886 816 1125 872 Αἰγύπτιοι
1151 816 1309 870 εἵματά
1334 832 1380 858 τε
1407 815 1589 873 ἐφόρεον
1608 814 1664 858 τὰ

292 887 500 929 κάλλιστα
525 887 594 928 καὶ
624 879 730 942 ἦσαν
757 884 798 927 ἐν
823 886 1022 942 θαλίῃσι.
1063 883 1166 927 ἷδιὺν
1189 884 1234 926 53
1252 887 1389 927 ταῦτα
1408 883 1510 935 τοὺς
1528 883 1665 939 Αἰγυ-

294 958 450 1005 πτίους
475 958 708 1004 ποιεῦντας
735 951 756 995 5
784 953 1040 1009 Καμβύσης,
1074 952 1216 1008 πάγχυ
1251 955 1389 1008 σφέας
1419 951 1665 1004 καταδόξας

295 1021 457 1064 ἑωυτοῦ
473 1025 612 1072 κακῶς
627 1021 870 1077 πρήξαντος
886 1020 1140 1077 χαρμόσυνα
1152 1025 1290 1063 ταῦτα
1307 1023 1487 1072 ποιέειν,
1517 1018 1664 1062 ἐκάλεε

294 1089 395 1141 τοὺς
427 1089 697 1146 ἐπιτρόπους
727 1093 802 1145 τῆς
826 1092 1048 1144 Μέμφιος,
1089 1086 1379 1142 ἀπικομένους
1410 1088 1455 1130 δὲ
1488 1086 1531 1138 ἐς
1557 1085 1664 1142 ὄψιν

296 1158 433 1214 εἴρετο
462 1155 486 1200 5'
511 1175 553 1200 τι
579 1157 792 1214 πρότερον
817 1157 893 1211 μὲν
921 1155 1065 1206 ἐόντος
1092 1154 1225 1198 αὐτοῦ
1253 1155 1294 1198 ἐν
1313 1159 1468 1212 Μέμφι
1489 1154 1663 1198 ἐποίευν

294 1230 467 1269 τοιοῦτο
495 1224 617 1268 οῦδὲν
650 1224 899 1280 Αἰγύπτιοι,
927 1224 1026 1266 τότε
1053 1224 1098 1266 53
1125 1223 1221 1266 ἐπεὶ
1248 1222 1378 1274 αὐτὸς
1403 1227 1561 1280 παρείη
1587 1227 1664 1279 τῆς

295 1298 499 1350 στρατιῆς
530 1294 707 1349 πλῆθός
738 1310 780 1335 τι
812 1290 1063 1346 ἀποβαλών.
1127 1291 1168 1334 οἱ
1201 1291 1247 1333 δὲ
1279 1290 1463 1348 ἔφραζον
1496 1287 1555 1342 ὥς
1581 1307 1664 1348 σφι

294 1360 402 1412 θεὸς
428 1362 491 1417 εἴη
520 1362 671 1417 φανεὶς
692 1359 765 1403 διὰ
781 1360 936 1415 χρόνου
960 1360 1127 1401 πολλοῦ
1148 1357 1305 1409 ἐωθιὺς
1325 1358 1661 1416 ἐπιφαίνεσθαι,

294 1431 364 1472 καὶ
398 1427 456 1480 ὥς
488 1427 619 1471 ἐπεὰν
652 1432 778 1484 φανῇ,
811 1427 909 1469 τότε
940 1427 1101 1477 πάντες
1140 1426 1181 1469 οἱ
1210 1426 1450 1481 Αἰγύπτιοι
1485 1443 1665 1484 κεχαρη-

294 1498 415 1547 κότες
441 1495 675 1553 ὁρτάζοιεν.
737 1499 873 1538 ταῦτα
900 1493 1088 1545 ἀκούσας
1121 1492 1142 1537 5
1169 1494 1408 1550 Καμβύσης
1439 1494 1520 1550 ἔφη
1552 1494 1666 1549 ψεύ-

295 1566 457 1607 δεσθαί
494 1580 650 1620 σφεας,
696 1566 766 1606 καὶ
811 1561 869 1614 ὠς
906 1563 1204 1617 ψευδομένους
1246 1562 1429 1619 θανάτῳ
1474 1561 1664 1618 ἐζημίου.

295 1630 553 1683 ἀποκτείνας
580 1632 623 1674 δὲ
651 1632 829 1711 τούτους
856 1631 1035 1688 δεύτερα
1053 1629 1156 1682 τοὺς
1178 1630 1294 1686 ἱρέας
1314 1629 1460 1673 ἐκάλεε
1480 1629 1522 1681 ἐς
1542 1627 1664 1685 ὄψιν.

294 1701 502 1756 λεγόντων
541 1701 587 1742 53
624 1717 732 1743 κατα
768 1699 821 1743 τὰ
860 1696 970 1742 αυτὰ
1006 1703 1092 1742 τιῦν
1130 1697 1272 1755 ιρέων,
1313 1696 1360 1741 οὗ
1399 1697 1544 1755 λη’-σειν
1581 1698 1664 1756 ἔφη

296 1767 425 1812 αὗτὸν
452 1768 490 1811 εἰ
516 1769 623 1819 θεός
650 1785 715 1819 τις
736 1767 975 1824 χειροήθης
1009 1765 1247 1823 ἇπιγιιένος
1273 1767 1337 1823 εἴη
1362 1766 1664 1823 Αἰγυπτίοισι.

294 1841 487 1880 τοσαῦτα
514 1837 559 1878 53
586 1837 714 1886 3z'wcg
747 1835 924 1891 ἐπάγειν
957 1834 1121 1878 ἐκέλευε
1151 1834 1225 1877 τὸν
1246 1836 1367 1878 Απιν
1397 1832 1500 1885 τοὺς
1533 1834 1664 1891 ἱρέας.

296 1905 337 1947 οἱ
361 1905 436 1958 μὲν
464 1903 514 1959 δὴ
540 1920 748 1959 ιιετιισαν
775 1901 966 1955 α’ξοντες,
1001 1901 1022 1945 5
1052 1903 1098 1945 53
1119 1904 1240 1953 Απις
1266 1896 1391 1953 οὗτος
1425 1901 1447 1945 5
1465 1900 1667 1959 Ἔπαφος

294 1977 456 2028 γίνεται
492 1972 655 2025 μόσχος
694 1971 736 2014 ἐκ
771 1969 876 2025 βοὸς
916 1967 1009 2027 ἣτις
1047 1968 1189 2013 οὖκέτι
1226 1970 1294 2026 οἵη
1333 1987 1380 2013 τε
1421 1973 1585 2025 γίνεται
1623 1968 1667 2020 ἐς

294 2043 483 2095 γαστέρα
516 2037 644 2081 ἄλλον
680 2040 902 2092 βαλεσθαι
937 2038 1076 2093 γόνον.
1136 2037 1378 2094 Αιγύπτιοι
1414 2038 1461 2079 δὲ
1491 2039 1666 2093 λέγουσι

297 2109 423 2157 σέλας
449 2106 523 2149 ἐπι
548 2105 621 2162 τίν
645 2109 749 2160 βοῖν
776 2105 818 2148 ἐκ
844 2110 920 2148 τοῦ
948 2103 1133 2161 ούρανοῦ
1159 2109 1394 2172 κατίσχειν,
1419 2108 1494 2147 καί
1521 2122 1595 2159 μιν
1622 2104 1669 2147 ἐκ

295 2175 449 2218 τούτου
476 2178 632 2217 τίκτειν
657 2172 730 2216 τὸν
751 2175 885 2216 Απιν.
926 2173 1011 2226 έχει
1038 2171 1132 2216 535
1158 2173 1321 2227 μόσχος
1347 2174 1472 2223 οὗτος
1498 2170 1520 2215 5
1550 2173 1667 2224 Απις

295 2243 552 2296 καλεόμενος
573 2242 683 2298 σηιιῇ
691 2258 735 2284 ια
755 2240 944 2284 τοιάδε)
927 2240 1006 2283 esim
1026 2240 1105 2295 μέλ
1109 2258 1170 2293 ας,
1200 2240 1273 2284 ἐπὶ
1292 2241 1369 2295 μὲν
1388 2245 1450 2283 τεῦ
1470 2240 1665 2296 μετιόπω

296 2310 443 2353 λευκόν
479 2327 522 2353 τι
557 2309 841 2366 τετράγωνον,
882 2308 957 2352 ἐπὶ
994 2309 1040 2351 53
1076 2313 1152 2352 τοῦ
1190 2309 1328 2352 νώτου
1368 2307 1511 2352 αἰετὸν
1551 2308 1668 2351 εἶκα-

298 2382 467 2433 σιιέιον
508 2377 549 2421 ἐν
588 2378 633 2420 53
664 2381 714 2434 τῆ
748 2375 852 2434 οιρῇ
883 2376 962 2428 τὰς
992 2380 1139 2433 τρίχας
1172 2377 1377 2428 διπλόας,
1416 2375 1504 2420 υπὸ
1538 2377 1585 2420 53
1614 2380 1666 2433 τῇ

239 2462 253 2485 ‘2
296 2447 467 2503 γλιόσση
502 2446 735 2502 κάνθαρον.
798 2443 857 2495 ὡς
890 2445 936 2487 53
966 2442 1125 2501 ἤγαγον
1157 2444 1231 2488 τὸν
1252 2446 1372 2488 Απιν
1405 2462 1447 2488 οι
1480 2444 1666 2527 ἷρέες,ο

296 2515 507 2571 K01u36c51
514 2530 545 2565 ς,
576 2512 648 2556 οἷα
669 2512 750 2556 ἐὼν
771 2510 1138 2569 ὑπομαργότερος,
1167 2513 1449 2567 σπασάμενος
1467 2511 1516 2556 τὸ
1533 2511 1667 2568 ἐγχει-

297 2584 452 2637 ρίδιον,
488 2553 653 2624 ἐθέλων
678 2582 820 2637 τύψαι
850 2580 924 2637 τὴν
948 2584 1137 2638 γαστέρα
1162 2585 1237 2624 τοῦ
1259 2580 1407 2632 ,Ἄπιος
1437 2584 1562 2624 παίει
1591 2578 1666 2622 τὸν

296 2651 451 2708 μηρόν·
488 2649 675 2706 γελάσας
707 2650 753 2692 53
785 2647 881 2692 εἷπε
913 2648 1025 2706 πρὸς
1061 2647 1161 2700 τοὺς
1200 2648 1316 2706 ἱρέας
1341 2643 1409 2691 “15
1441 2649 1567 2690 κακαὶ
1597 2663 1667 2689 κε-

298 2720 448 2775 φαλαί,
478 2722 671 2761 τοιοῦτοι
697 2718 799 2760 θεοὶ
824 2721 1032 2773 γίνονται,
1062 2716 1232 2760 έναιιιοί
1255 2733 1300 2759 τε
1325 2733 1395 2758 και
1423 2714 1666 2769 σαρκώδεες

299 2788 370 2829 καὶ
404 2785 629 2837 ἐπαΐοντες
656 2785 884 2842 σιδηρίων,-
924 2783 1046 2838 ἒὶξιος
1075 2785 1151 2840 μὲν
1176 2784 1429 2840 Αιγιπτίων
1461 2781 1588 2832 οὗτός
1616 2797 1664 2838 γε
