1794 3282
162 870 198 896 38

171 1746 204 1771 39

221 240 301 281 112
448 289 452 292 ι
617 243 930 279 ΗΡΟΔΟΤΟΥ
960 243 1001 277 Β.
1027 243 1172 278 37-40,

219 316 395 373 πλῆθος
413 332 456 357 τι
469 313 634 368 ἑκάστῳ
655 316 817 368 γίνεται
836 309 998 354 πολλὸν
1012 310 1190 368 ἑκάστης
1209 310 1379 369 ἡμέρης,
1409 311 1578 353 δίδοται

221 387 268 427 δέ
300 399 380 439 σφι
410 384 482 423 καὶ
513 378 627 430 οἶνος
659 378 905 433 ἀμπέλινος.
968 379 1133 432 ἰχθύων
1171 380 1216 422 δὲ
1248 377 1298 422 οὕ
1329 395 1410 436 σφι
1441 377 1579 430 ἔξεστι

219 451 472 494 πάσασθαι.
509 448 701 501 κυάμους
722 447 768 488 δὲ
789 444 886 489 οὔτε
905 464 948 489 τι
967 447 1085 500 μάλα
1100 451 1330 502 σπείρουσι
1345 445 1579 502 Αἰγύπτιοι

221 519 262 561 ἐν
287 521 339 574 τῇ
360 516 492 573 χιόριη,
519 515 619 565 τούς
637 530 683 556 τε
707 517 956 570 γενοιιιένους
978 513 1076 556 οὔτε
1094 515 1311 570 τρώγουσι
1332 511 1428 556 οὔτε
1450 512 1581 567 ἕψον-

219 603 289 636 τες
319 587 574 628 πατέονται·
615 582 656 625 οἱ
688 582 734 624 δὲ
766 581 816 638 δὴ
850 582 958 639 ἱρέες
991 579 1089 624 οὐδὲ
1121 579 1314 638 ὁρέοντες
1346 579 1578 633 ἀνέχονται,

219 653 462 707 νομίζοντες
489 648 537 693 οὗ
564 649 762 705 καθαρόν
786 667 859 703 μιν
885 646 995 691 εἶναι
1021 646 1220 704 ὄσπριον.
1272 648 1416 704 ἱρᾶται
1442 647 1487 689 δὲ
1507 643 1583 688 οὐκ

223 720 284 771 εἷς
304 719 484 762 ἑκάστου
504 723 588 761 τιῦν
610 722 727 760 θειῦν
748 714 856 759 ἀλλὰ
877 718 1045 768 πολλοί,
1072 720 1157 759 τιῦν
1172 715 1234 766 εἷς
1254 715 1344 759 ἐστὶ
1365 712 1583 772 άρχιρεύς·

223 787 354 832 ἐπεὰν
381 787 427 830 δέ
450 803 516 837 τις
541 784 762 841 ἀποθάνῃ,
789 785 946 827 τοτ’-του
974 782 995 826 ὃ
1022 793 1130 835 παῖς
1156 782 1520 827 ἀντικατίσταται.

312 854 419 906 Τοὺς
452 855 497 897 δὲ
526 858 630 909 βοῦς
659 851 760 903 τοὺς
792 852 964 909 ἔρσενας
994 857 1070 895 τοῦ
1091 850 1289 909 Ἐπάφου
1323 849 1433 894 εἶναι
1464 852 1586 903 νομί-

224 925 357 976 ζουσι,
385 924 456 965 καὶ
480 921 635 964 τούτου
659 921 812 963 εἵνεκεν
834 921 1119 975 δοκιμάζουσι
1142 918 1302 970 αὐτοὺς
1323 913 1420 962 ὦδε.
1459 922 1585 975 τρίχα

224 990 273 1049 ἢν
298 993 369 1033 καὶ
393 994 495 1045 μίαν
520 990 668 1045 ἰ’δηται
694 987 908 1031 ἐπεοῦσαν
932 990 1149 1042 μέλαιναν,
1179 985 1226 1030 οὗ
1253 985 1450 1042 καθαρὸν
1476 984 1586 1028 εἶναι

223 1059 400 1113 νομίζει.
452 1058 620 1112 δίζηται
646 1057 692 1099 δὲ
716 1061 852 1098 ταῦτα
879 1055 953 1098 ἐπὶ
978 1056 1116 1112 τούτῳ
1138 1058 1393 1110 τεταγμένος
1415 1058 1500 1097 τῶν
1519 1070 1586 1104 τις

228 1128 352 1205 ἱρέων
382 1127 453 1168 καὶ
486 1124 626 1206 ὀρθοῦ
658 1123 868 1174 ἑστεῶτος
891 1128 969 1166 τοῦ
1000 1124 1171 1179 κτήνεος
1195 1125 1267 1165 καὶ
1298 1120 1476 1173 ὑπτίου,
1516 1123 1587 1164 καὶ

225 1213 299 1251 την
324 1195 522 1250 γ2ιῦσσαν
549 1192 786 1249 ἐξειρισας,
821 1192 859 1234 εἰ
884 1189 1055 1247 καθαρη
1081 1195 1166 1234 τιῦν
1191 1194 1484 1245 προκειμένων
1512 1205 1588 1246 ση-

225 1266 381 1318 μηίων,
419 1278 473 1303 τα
500 1259 580 1316 ἐγώ
609 1259 650 1302 ἐν
676 1257 791 1315 αλλιιο
825 1261 937 1338 λόγιιι)
972 1258 1090 1314 ἐρέω.
1146 1274 1308 1315 κατοριιι
1339 1258 1385 1300 δὲ
1416 1256 1589 1308 καὶτὰς

226 1333 374 1386 τρίχας
398 1333 472 1384 τῆς
499 1326 643 1383 οὗρῗς
678 1344 715 1370 ει
740 1343 849 1369 κατα
876 1342 1006 1383 φυσιν
1032 1325 1117 1379 ε’χει
1147 1329 1405 1383 πεφυκυίας.
1466 1322 1516 1380 ἢν
1544 1324 1590 1366 δὲ

226 1398 391 1439 τοίτων
422 1396 597 1438 πάντων
627 1413 651 1451 ιη
684 1394 899 1450 καθαρός,
940 1398 1194 1450 σηιιαίνεται
1223 1394 1369 1449 βιβλιιι)
1403 1394 1504 1448 περὶ
1534 1410 1590 1434 τα

227 1467 352 1518 κέρεα
378 1463 594 1513 εἱλίσσων,
634 1463 704 1503 καὶ
736 1478 903 1504 επειτεν
933 1466 1008 1518 γῆν
1040 1462 1307 1517 σηιιαντρίδα
1339 1460 1590 1517 ἐπιπλάσας

229 1530 456 1585 ἐπιβάλλει
479 1529 553 1572 τὸν
574 1529 818 1572 δακτύλιον·
844 1531 916 1571 καὶ
936 1525 1048 1571 οὕτω
1070 1527 1305 1585 ἀπάγουσι.
1346 1527 1590 1584 ἀσήμαντον

230 1599 275 1640 δὲ
302 1598 490 1640 θύσαντι
514 1597 707 1647 θάνατος
733 1595 756 1653 ἡ
784 1597 908 1652 ζημίη
936 1595 1168 1639 ἐπικέεται.
1213 1596 1491 1650 δοκιμάζεται
1514 1594 1591 1650 μέν

228 1684 299 1709 νυν
318 1664 367 1709 τὸ
388 1669 536 1722 κτῆνος
555 1666 706 1721 τρόπῳ
726 1665 895 1721 τοιιιῦδε,
921 1668 1056 1721 θυσίη
1079 1665 1126 1707 δέ
1145 1680 1226 1721 σφι
1244 1661 1321 1721 ἥδε
1345 1667 1590 1720 κατέστηκε.

231 1731 461 1790 ἀγαγόντες
485 1732 534 1776 τὸ
563 1732 885 1789 σεσηιιιασμένον
910 1736 1059 1788 κτῆνος
1078 1731 1189 1788 πρὸς
1208 1731 1281 1775 τὸν
1299 1732 1461 1787 βωμόν,
1491 1729 1590 1774 ὅκου

232 1800 281 1843 ἂν
312 1801 479 1853 θύωσι,
519 1805 605 1856 πῦρ
639 1799 910 1853 ἀνακαίουσι,
951 1800 1117 1844 ἔπειτεν
1150 1801 1195 1843 δὲ
1227 1799 1292 1843 ἐπ’
1316 1798 1448 1843 αὐτοῦ
1480 1797 1593 1843 οἶνον

232 1868 340 1911 κατὰ
377 1873 453 1911 τοῦ
488 1869 626 1925 ἱρηίου
666 1868 1000 1919 ἐπισπείσαντες
1041 1870 1113 1911 καὶ
1157 1867 1485 1919 ἐπικαλέσαντες
1520 1866 1594 1911 τὸν

232 1935 339 1979 θεὸν
366 1936 595 1992 σφάζουσι,
626 1936 867 1993 σφάξαντες
893 1937 938 1978 δὲ
965 1934 1268 1990 ἀποτάμνουσι
1292 1935 1366 1992 τὴν
1392 1936 1592 1992 κεφαλήν.

234 2009 361 2058 σῶμα
380 2004 455 2057 μὲν
477 2002 525 2060 δή
548 2008 623 2046 τοῦ
638 2004 808 2059 κτήνεος
831 2004 1033 2058 δείρουσι,
1061 2005 1225 2060 κεφαλῇ
1242 2004 1287 2046 δὲ
1302 2003 1435 2059 ἐκείνῃ
1451 2001 1594 2046 πολλὰ

234 2072 581 2127 καταρησάμενοι
601 2070 795 2127 φέρουσι,
823 2079 941 2113 τοῖσι
959 2072 1035 2124 μὲν
1055 2069 1105 2113 ἂν
1125 2065 1151 2127 ᾗ
1166 2069 1298 2128 ἀγορὴ
1319 2068 1595 2128 καὶἝλληνές

233 2156 315 2196 σφι
330 2139 433 2182 ἔωσι
449 2138 674 2195 ἐπιδήμιοι
690 2139 888 2194 ἔμποροι,
907 2138 1054 2192 οἱμὲν
1076 2142 1279 2195 φέροντες
1295 2138 1336 2190 ἐς
1350 2138 1424 2196 την
1439 2137 1595 2196 ἀγορὴν

235 2205 308 2249 ἀπ’
333 2201 391 2249 ὦν
423 2206 587 2258 ἔδοντο,
622 2215 739 2249 τοῖσι
773 2207 818 2248 δὲ
850 2204 901 2249 ἂν
931 2205 988 2262 μὴ
1021 2210 1220 2262 παρέωσι
1235 2204 1448 2263 ί.ἰῖ’2.ληνες,
1484 2207 1526 2249 οἱ
1553 2206 1592 2249 6'

234 2275 490 2329 ἐκβάλλουσι
514 2274 556 2325 ἐς
575 2273 648 2317 τὸν
668 2274 880 2328 ποταμόν.
917 2278 1198 2329 καταρέονται
1219 2275 1264 2317 δὲ
1284 2275 1388 2317 τάδε
1403 2276 1596 2331 λέγοντες

232 2348 331 2399 τῇσι
361 2344 591 2400 κεφαλῇσι,
626 2343 668 2385 εἴ
688 2360 730 2385 τι
754 2344 904 2396 μέλλοι
928 2340 954 2399 ἢ
981 2346 1109 2399 σφίσι
1134 2351 1251 2385 τοῖσι
1279 2343 1439 2386 θύουσι
1464 2341 1492 2399 ἢ
1516 2342 1597 2386 Αί-

233 2411 383 2466 γιῗπτιιι)
408 2415 459 2467 τῇ
486 2410 714 2467 συναπάσῃ
741 2409 869 2453 κακὸν
893 2414 1116 2466 γενέσθαι,
1152 2410 1193 2462 ἐς
1219 2410 1407 2468 κεφαλήν
1439 2410 1595 2467 ταύτην

233 2482 499 2534 τραπέσθαι.
559 2477 668 2521 κατὰ
698 2482 774 2532 μέν
806 2496 877 2521 νυν
908 2477 987 2529 τὰς
1018 2478 1210 2535 κεφαλὰς
1246 2483 1332 2522 τιῦν
1369 2482 1595 2533 θυομένων

235 2550 417 2601 κτηνέων
442 2548 514 2589 καὶ
537 2545 612 2602 τήν
638 2545 888 2590 ἐπίσπεισιν
914 2551 990 2590 τοῦ
1024 2548 1141 2590 οἴνου
1174 2547 1334 2598 πάντες
1358 2547 1597 2603 Αἰγύπτιοι

236 2614 410 2668 νόμοισι
435 2622 551 2657 τοῖσι
578 2612 750 2658 αὐτοῖσι
772 2618 971 2670 χρέονται
999 2613 1161 2669 ὁμοίως
1188 2613 1230 2666 ἐς
1261 2616 1404 2658 πάντα
1429 2614 1482 2656 τὰ
1510 2614 1592 2669 ἱρά,

237 2683 308 2724 καὶ
340 2679 428 2724 άπὸ
455 2683 609 2725 τούτου
635 2687 711 2725 τοῦ
736 2683 869 2737 νόμου
898 2681 997 2726 οὐδὲ
1029 2681 1158 2726 ἄλλου
1193 2681 1365 2733 οὐδενὸς
1398 2681 1593 2737 ἐμψύχου

179 2761 214 2786 40
239 2751 426 2807 κεφαλῆς
439 2751 637 2806 γεύσεται
650 2751 904 2808 Αἰγυπτίων
920 2749 1073 2802 οὐδείς.
1114 2749 1199 2807 ἡδὲ
1221 2749 1269 2806 δι’]
1288 2749 1497 2807 ἐξαίρεσις
1510 2754 1593 2792 τιῦν
