1794 3282
205 750 238 775 50

207 1765 240 1789 51

270 255 348 297 198
667 262 981 297 HPOAOTOY
1011 263 1049 295 r.
1078 262 1223 297 49-52.

262 334 422 389 ταύτης
447 332 599 374 είνεκεν
624 335 698 387 τῆς
725 330 877 386 αιτίης.
916 334 986 373 νῦν
1014 330 1060 372 δὲ
1086 330 1173 373 αἰεὶ
1198 330 1341 374 ἐπείτε
1368 332 1535 376 ἔκτισαν
1554 332 1626 389 τὴν

262 405 402 457 νῆσον,
436 399 521 441 εἶσὶ
547 396 773 453 ἆ2λήλοισι
806 399 1015 479 διάφοροι
1046 397 1188 450 ἐόντες
1218 397 1421 444 ἑωυτοῖσι
1452 417 1629 457 συγγε-

261 470 388 516 νέες’
417 465 581 508 τούτων
609 467 667 508 ὠν
694 466 847 509 εἵνεκεν
874 463 1243 523 ἇπειινησικάκεον
1273 476 1389 511 τοῖσι
1420 473 1630 523 Σαμίοισι

264 534 306 577 οἱ
324 536 571 590 Κορίνθιοι.
610 531 850 587 ἀπέπειιπε
877 533 961 576 δὲ’
943 551 986 584 ες
1005 534 1206 590 Σάρδις’
1189 533 1254 577 εντ’
1273 536 1427 592 εκτομῇ
1447 540 1629 591 Περίαν-

264 603 364 679 δρος
383 604 468 643 τῶν
490 601 676 655 πρώτων
690 605 965 658 Κερκυραίων
982 600 1183 654 ἐπιλέξας
1202 601 1304 653 τοὶς
1318 603 1481 653 παῖδας
1494 619 1629 682 τιμω-

262 669 485 724 ρεόιιενος·
522 669 733 725 πρότεροι
768 686 848 725 γαρ
887 669 929 711 οἱ
959 676 1218 725 Κερκυραῖοι
1254 671 1385 747 ἠρξαν
1422 668 1463 720 ἐς
1501 667 1629 713 αὐτὸν

263 740 441 792 πρῆγιια
467 733 723 779 ἀτάσθαλον
748 736 1022 792 ποιήσαντες.
1085 736 1230 779 ἐπείτε
1254 735 1335 793 γὰρ
1360 735 1434 792 τὴν
1467 735 1628 779 ἑωυτοῦ

261 812 441 860 γυναῖκα
465 804 686 846 ἾιΙέ2ισσαν
711 804 975 861 Περίανδρος
1007 801 1248 856 ἀπέκτεινε,
1282 802 1508 861 συιιφορὴν
1539 820 1631 846 τοι-

262 872 360 929 η’νδε
387 870 429 913 οἱ
461 868 538 913 ἄλλ
529 888 590 927 ην
617 874 768 927 συνέβη
796 870 908 927 πρὸς
939 876 989 928 τῇ
1015 888 1162 927 γεγονι
1169 890 1209 929 ιη
1241 875 1462 927 γενέσθαι.
1522 865 1631 927 ἦσαν

264 938 306 981 οἱ
332 937 376 980 ἐκ
400 939 618 994 Μελίσσης
645 939 721 980 δύο
749 940 917 991 παῖδες,
945 937 1111 996 ἡλικίην
1138 937 1159 983 5
1185 941 1263 994 μὲν
1289 938 1580 983 ἑπτακαίδεκα
1607 936 1629 981 5

265 1006 310 1048 δὲ
344 1003 678 1048 ὀκτωκαίδεκα)
666 1023 763 1048 ετεα
798 1007 997 1062 γεγονώς
1057 1008 1238 1058 τούτοις
1276 1007 1630 1063 ομητροπάτωρ

264 1075 455 1130 Προκ2ει
460 1090 498 1125 ς,
544 1072 624 1115 ἔων
657 1071 918 1130 Ἐπιδαύρου
962 1076 1185 1131 τίραννος,
1229 1075 1631 1129 μεταπεμψάιιειος

264 1138 366 1196 παρ’
385 1139 544 1183 ἑωυτὸν
572 1140 920 1198 ἐφιλοφρονέετο,
950 1140 1008 1193 ιῦς
1035 1141 1151 1193 οικὸς
1171 1144 1219 1198 ἠν
1240 1141 1461 1198 θυγατρὸς
1481 1140 1631 1192 ἐόντας

263 1213 338 1265 τῆς
364 1207 526 1251 ἑωυτοῦ
552 1209 728 1260 παῖδας.
790 1209 934 1252 ἐπείτε
961 1208 1009 1252 δέ
1034 1225 1172 1290 σφεας
1198 1207 1505 1264 απεπέμπετο,
1535 1206 1631 1251 εἶπε

263 1279 541 1331 προπέμπων
573 1273 782 1326 αὖτοις“
788 1270 873 1331 ἆρα
900 1293 1008 1329 ιστε,
1044 1279 1077 1319 ὠ
1109 1277 1283 1329 παῖδες,
1319 1277 1367 1328 ὃς
1392 1275 1532 1331 ὑμέων
1556 1294 1631 1332 την

263 1347 428 1399 μητέρα
459 1341 734 1397 ἇπέκτεινε,·”
774 1360 902 1386 τουτο
940 1343 989 1386 τὸ
1028 1344 1133 1395 έπος
1170 1344 1192 1387 5
1225 1345 1300 1398 μὲν
1338 1345 1632 1401 πρεσβύτερος

265 1409 406 1454 αὐτῶν
433 1409 474 1453 ἕν
502 1409 640 1453 οὐδενὶ
667 1411 780 1462 λόγω
809 1410 1068 1466 ἐποιήσατο·
1096 1410 1118 1454 5
1146 1412 1192 1454 δὲ
1216 1412 1442 1467 νεώτερος,
1469 1416 1530 1467 τῷ
1559 1409 1633 1453 οὕ-

263 1496 375 1533 νομα
407 1472 454 1535 ἧν
479 1478 743 1534 Λυκόφρων,
777 1475 934 1536 ἤλγησε
966 1477 1154 1529 ἀκούσας
1186 1476 1297 1521 οῧτω
1332 1475 1443 1521 ὥστε
1476 1476 1633 1521 ἀπικό-

262 1563 390 1600 μενος
416 1545 459 1596 ές
483 1545 557 1601 τὴν
576 1546 797 1602 Κόρινθον
824 1543 899 1588 ἅτε
926 1550 1062 1602 φονέα
1086 1551 1162 1602 τῆς
1181 1545 1343 1603 μητρὸς
1367 1545 1441 1589 τὸν
1463 1549 1633 1602 πατέρα

266 1611 365 1656 οὔτε
401 1622 637 1670 προσεῖπε,
685 1613 973 1669 διαλεγομένῳ
1011 1630 1057 1656 τε
1102 1612 1157 1656 οὔ
1193 1631 1241 1656 τι
1285 1614 1631 1670 προσδιελέγετο,

266 1680 506 1736 ἱστορέοντί
536 1698 582 1724 τε
613 1678 739 1736 λόγον
766 1679 920 1724 οὐδένα
946 1680 1105 1724 ἐδίδου.
1166 1682 1288 1732 τέλος
1315 1681 1362 1724 δέ
1384 1699 1457 1735 μιν
1483 1697 1634 1737 περι-

266 1750 446 1803 θύμως
473 1748 596 1802 ἔχων
623 1746 926 1806 ὃΠερίανδρος
947 1748 1162 1801 ἒξελαίνει
1177 1749 1220 1792 ἐκ
1240 1753 1324 1791 τῶν
1346 1749 1505 1791 οἰκίων.
1545 1747 1635 1801 ἒξε-

265 1819 401 1868 2.άσας
428 1817 473 1859 δὲ
492 1821 644 1859 τοῦτον
666 1816 832 1871 ἱστόρεε
851 1816 924 1859 τὸν
944 1817 1235 1873 πρεσβύτερον
1253 1817 1308 1859 τά
1328 1832 1409 1874 σφι
1430 1814 1453 1860 5
1473 1833 1635 1873 μητρο-

266 1886 420 1942 πάτωρ
449 1885 665 1940 διελέχθη.
704 1882 726 1927 5
751 1885 797 1926 δέ
817 1884 858 1926 οἱ
878 1882 1092 1940 ἀπηγέετο
1114 1881 1173 1936 ὥς
1194 1901 1332 1965 σφεας
1352 1885 1635 1941 φιλοφρόνως

267 1954 463 2005 ἐδέξατο·
502 1951 660 1994 ἐκείνου
695 1952 741 1994 δὲ
771 1956 848 1994 τοῦ
874 1951 1002 2002 ἔπεος
1032 1952 1081 1994 τό
1115 1968 1196 2009 σφι
1223 1950 1244 1994 5
1271 1954 1488 2009 Προκλέης
1521 1950 1635 1994 ἄπο-

268 2022 452 2063 στέ2λων
479 2017 588 2069 εἷπε,
617 2016 694 2060 ἅτε
720 2016 769 2061 οὗ
796 2019 882 2074 νόῳ
909 2019 1066 2100 λαβών,
1096 2017 1171 2061 οἰκ
1193 2018 1414 2074 ἐμέμνητο.
1452 2023 1635 2074 Περίαν-

269 2089 369 2142 δρος
401 2087 446 2128 δὲ
479 2083 684 2139 οιδεμίαν
714 2085 902 2142 μηχανὴν
934 2085 1016 2142 ἔφη
1051 2084 1159 2128 εἶναι
1188 2085 1246 2142 μὴ
1281 2083 1332 2128 ου’
1363 2102 1443 2142 σφι
1477 2085 1635 2128 εκεῖνον

266 2154 530 2198 ὑποθέσθαι
554 2170 614 2204 τι,
650 2152 853 2208 ελιπάρεέ
876 2169 922 2195 τε
949 2152 1173 2209 ἱστορέων·
1213 2154 1315 2196 οδὲ
1342 2152 1635 2210 ἀναμνησθεὶς

269 2220 365 2265 εἷπε
392 2223 460 2263 καὶ
486 2225 628 2263 τοῦτο.
671 2221 937 2277 Περίανδρος
963 2221 1008 2263 δὲ
1033 2222 1118 2276 νόῳ
1145 2219 1289 2275 λαβὼν
1315 2223 1386 2263 καὶ
1410 2225 1537 2264 τοῦτο
1563 2223 1635 2263 καὶ

267 2288 459 2344 μαλακὸν
485 2287 701 2331 ἐνδιδόναι
724 2289 987 2342 βουλόμενος
1014 2287 1149 2339 οὐδέν,
1182 2293 1233 2345 τῇ
1261 2286 1283 2331 5
1311 2288 1534 2341 ἐξελαθεὶς
1558 2286 1630 2331 ὑπ’

270 2355 402 2399 adzo&
430 2364 537 2406 παῖς
558 2356 727 2398 δίαιταν
748 2355 958 2408 ἐποιέετο,
989 2355 1031 2407 ἒς
1049 2356 1231 2407 τούτους
1250 2355 1438 2409 πέμπων
1458 2353 1635 2413 ἄγγελον

269 2423 513 2480 ἀπηγόρευε
537 2424 595 2480 μή
621 2440 693 2477 μιν
720 2424 929 2466 δέκεσθαι
955 2423 1145 2467 οἰκίοισι.
1185 2421 1207 2467 5
1236 2424 1281 2466 δὲ
1307 2420 1418 2475 ὅκως
1443 2421 1637 2467 ἀπελαυ-

268 2493 445 2547 νόμενος
478 2491 605 2534 ἔλθοι
637 2490 680 2542 ἒς
711 2489 840 2548 ἄλλην
873 2491 1020 2548 οἰκίην,
1061 2489 1323 2547 ἀπηλαύνετ’
1347 2489 1398 2534 ἂν
1434 2493 1507 2534 καὶ
1543 2489 1634 2534 ἀπὸ

269 2560 438 2613 ταίτης,
468 2557 748 2610 ἀπειλέοντός
772 2576 818 2602 τε
837 2563 914 2601 τοῦ
935 2560 1202 2616 Περιάνδρου
1224 2567 1342 2601 τοῖσι
1362 2559 1636 2612 δεξαμένοισι

269 2630 339 2670 καὶ
367 2627 549 2684 ἐξέργειν
568 2627 826 2678 κελεέοντος.
865 2625 1214 2681 ἅπελαινόμενος
1240 2624 1280 2669 δ’
1298 2624 1348 2669 ἂν
1373 2623 1441 2682 ἤιε
1462 2624 1527 2669 ἐπ’
1545 2625 1635 2668 ἑτέ-

272 2713 347 2752 ρην
367 2699 451 2738 τῶν
473 2694 672 2750 ἓταιρων·
701 2694 742 2737 οἱ
763 2691 848 2737 δὲ
829 2711 904 2737 ατε
924 2693 1233 2751 Περιάνδρου’
1215 2695 1340 2737 εόντα
1360 2694 1512 2744 παῖδα,
1540 2696 1635 2734 καί-

216 2777 248 2803 52
274 2780 354 2820 περ
382 2764 683 2817 δειμαίνοντες,
713 2760 829 2817 ὅμως
858 2761 1065 2806 ἐδέκοντο.
1103 2764 1225 2813 τέλος
1251 2762 1296 2804 δὲ
1323 2759 1345 2804 5
1370 2760 1634 2816 Περίανδρος
