1794 3282
545 259 859 294 ΗΡΟΔΟΤΟΥ
887 259 925 293 Γ.
951 258 1007 293 68.
1033 258 1088 292 69.
1419 246 1501 287 207

139 327 189 385 δὴ
216 321 325 370 ὤν’
303 345 325 371 ο
350 325 517 383 Ὀτάνης
542 326 664 384 παρὰ
688 328 847 383 ταύτην
878 344 952 384 την
983 329 1206 383 θυγατέρα
1232 323 1502 368 ἐπυνθάνετο

137 393 239 451 παρ’
264 392 373 451 ὅτεῳ
407 393 658 475 ἀνθρώπων
690 399 899 451 κοιμιῦτο,
935 395 1020 438 είτε
1051 392 1159 448 μετὰ
1183 393 1394 447 Σμέρδιος
1423 395 1501 434 τοῦ

137 463 280 518 Κύρου
313 462 400 505 είτε
430 460 519 516 μετ’
543 459 674 504 άλλου
707 478 793 505 τευ.
854 460 878 518 ἡ
907 462 954 504 δέ
979 461 1021 505 οἱ
1053 459 1301 514 ἀντέπεμπε
1332 462 1501 516 φαμένη

138 528 187 572 οὗ
213 530 456 585 γινώσκειν·
497 527 596 572 ου’τε
625 528 706 585 γὰρ
737 528 810 572 τὸν
836 529 979 586 Κύρου
1005 528 1188 585 Σμέρδιν
1221 527 1400 570 ἰδέσθαι
1433 523 1504 568 οὖ-

138 597 268 651 δαμά,
298 595 396 639 οὔτε
423 594 544 647 όστις
571 597 634 651 ε’ίη
662 595 684 639 ὁ
713 596 944 640 σινοικέων
971 596 1077 652 αὐτῇ
1104 596 1276 638 εἰδέναι.
1334 593 1504 647 έπειιπε

139 662 366 719 δεύτερα(
346 681 368 706 ο
391 662 558 720 Ὀτάνης
583 662 746 719 λέγων(
751 662 807 706 (εἰ
831 664 888 720 μὴ
916 662 1022 720 αὖτὴ
1048 639 1234 719 Σιιέρδιν
1258 661 1333 705 τὸν
1358 662 1502 718 Κύρου

137 732 372 787 γινώσκεις,
402 731 451 774 σὺ
481 732 526 773 δὲ
551 747 642 785 παρ
667 729 872 787 Ατόσσης
896 734 1043 774 πυθέο
1070 728 1178 773 ότεω
1199 730 1338 785 τούτω
1360 745 1505 772 συνοι-

137 803 224 841 κέει
256 797 361 855 αὐτή
394 815 440 841 τε
472 797 606 854 ἐκείνη
637 800 708 840 καὶ
741 799 812 841 σύ“
850 799 1026 849 πάντως
1055 797 1135 854 γὰρ
1168 797 1218 853 δή
1251 813 1325 839 κου
1357 796 1432 839 τόν
1456 812 1504 851 γε

139 865 300 922 ἑωυτῆς
326 864 536 922 ἀδελφεὸν
563 863 803 921 γινώσκει.”
862 864 1127 918 ἀντιπέμπει
1162 863 1275 919 πρὸς
1303 867 1442 906 ταῦτα
1478 860 1502 918 ἡ

137 933 335 989 θυγάτηρ
363 930 496 975 “οἷ)’τε
523 930 702 988 Ἀτόσσῃ
737 933 925 986 δύναμαι
959 932 1001 982 ἐς
1031 932 1186 986 λόγους
1223 930 1368 972 ἐλθεῖν
1405 927 1505 971 ου’τε

139 999 268 1057 ἄλλην
307 998 512 1054 οὐδεμίαν
557 1000 736 1042 ἰδέσθαι
779 1003 864 1041 τῶν
909 1001 1234 1054 συγκατημένων
1275 1000 1504 1053 γυναικῶν·

139 1068 283 1111 ἐπείτε
313 1066 393 1124 γὰρ
425 1067 608 1120 τάχιστα
641 1060 767 1117 οὗτος
805 1064 1071 1122 ὥνθρωπος,
1112 1062 1233 1115 ὅστις
1262 1066 1360 1107 κοτέ
1398 1063 1502 1115 ἔστι,

137 1136 360 1190 παρέλαβε
395 1133 470 1191 τὴν
504 1136 753 1190 βασιληίην,
801 1134 1022 1190 διέσπειρε
1059 1130 1194 1189 ἡμέας
1231 1130 1361 1188 ἄλλην
1398 1128 1504 1187 ἄλλῃ

137 1200 308 1280 τάξας.Π
350 1200 549 1245 ἀκούοντι
575 1202 621 1244 δὲ
645 1206 781 1244 ταῦτα
799 1205 859 1257 τῶ
876 1199 1018 1258 Ὀτάνῃ
1038 1202 1152 1254 μᾶλλ
1156 1216 1202 1242 ον
1221 1202 1503 1256 κατεφαίνετο

136 1269 185 1313 τὸ
210 1274 402 1326 πρῆγμα.
434 1273 579 1350 τρίτην
595 1269 640 1311 δὲ
656 1266 884 1325 ἇγγελίην’
867 1272 1084 1323 εσπέιιπει
1097 1264 1199 1323 παρ’
1212 1265 1340 1323 αὐτην
1359 1268 1507 1322 λέγου-

139 1353 217 1381 σαν
248 1341 398 1379 ταῦτα.
454 1331 522 1378 “ch
556 1337 768 1392 θύγατερ,
809 1337 877 1379 δεῖ
907 1353 954 1379 σε
985 1344 1206 1392 γεγονυῖαν
1237 1328 1283 1377 εὖ
1314 1335 1506 1377 κίνδυνον

140 1404 444 1459 ἀναλαβέσθαι
474 1403 548 1447 τὸν
581 1401 631 1446 άν
665 1403 686 1446 ὁ
719 1403 862 1459 πατὴρ
888 1402 1119 1446 υποδύνειν
1144 1402 1306 1459 κελεύη.
1362 1401 1401 1444 εἰ
1424 1401 1506 1458 γὰρ

141 1472 190 1528 δὴ
222 1473 279 1529 μή
313 1470 406 1514 ἔστι
437 1469 460 1514 ὃ
493 1472 636 1527 Κύρου
669 1472 855 1526 Σμέρδις
886 1468 995 1513 ἀλλὰ
1024 1470 1097 1513 τὸν
1130 1470 1375 1512 καταδοκέω
1409 1469 1505 1524 ἐγώ,

141 1537 261 1582 οὗτοι
285 1556 358 1593 μιν
385 1542 457 1582 σοί
480 1555 525 1581 τε
552 1539 910 1594 συγκοιμεόμενον
941 1540 1013 1580 καὶ
1043 1537 1092 1580 τὸ
1119 1540 1319 1593 Περσέων
1349 1537 1508 1593 κράτος

141 1607 290 1660 ἔχοντα
318 1607 385 1649 δεῖ
405 1610 610 1661 χαίροντα
630 1604 940 1656 ἀπαλλάσσειν,
970 1603 1078 1647 ἄλλα
1099 1605 1246 1647 δοῦναι
1268 1605 1398 1660 δίκην.
1436 1607 1507 1646 νῦν

142 1670 200 1717 ὦν
226 1677 412 1730 ποίησον
442 1674 561 1716 τάδε.
623 1672 754 1716 ἐπεάν
784 1689 854 1716 σοι
887 1673 1066 1728 συνεύδῃ
1098 1689 1169 1714 και
1194 1672 1344 1728 μάθῃς
1376 1668 1508 1714 αὗτὸν

140 1745 484 1796 κατυπνωμένον,
519 1738 692 1798 ἄφασον
726 1739 856 1783 αὐτοῦ
887 1739 941 1782 τὰ
974 1742 1084 1782 ώτα·
1121 1741 1190 1781 καὶ
1223 1737 1272 1795 ἢν
1296 1739 1372 1792 μὲν
1403 1741 1509 1794 φαί-

140 1827 264 1866 νηται
292 1809 397 1863 έχων
424 1811 532 1858 ώτα,
566 1809 713 1891 νάμιζε
739 1807 928 1864 σεωυτὴν
952 1807 1115 1863 Σιιέρδι
1145 1811 1206 1848 τῶ
1231 1807 1376 1862 Κύρου
1410 1821 1509 1848 συν-

143 1881 309 1929 οικέειν,
344 1875 394 1933 ἢν
427 1877 473 1919 δὲ
502 1875 559 1932 μὴ
587 1875 705 1929 έχων,
740 1874 791 1918 σὺ
820 1875 864 1917 δὲ
889 1879 950 1930 τιῦ
975 1875 1112 1930 Μάγῳ
1140 1872 1338 1930 Σμέρδιῖ)
1391 1871 1509 1915 ἆντι-

142 1949 311 2000 πέμπει
354 1943 467 2025 πρὸς
507 1947 646 1987 ταῦτα
689 1961 713 1999 η
760 1943 956 1998 Φαιδύμη
1007 1940 1175 1999 φαμένη
1222 1941 1508 1984 κινδυνεύσειν

141 2013 351 2068 μεγάλως,
380 2010 403 2068 ἦ
409 2030 428 2054 ν
455 2014 583 2067 ποιέῃ
609 2015 765 2053 ταῦτα·
793 2009 831 2052 εἰ
855 2008 935 2066 γὰρ
963 2008 1013 2066 δὴ
1038 2008 1096 2065 μὴ
1122 2009 1319 2065 τυγχάνει
1343 2007 1398 2050 τὰ
1418 2001 1510 2049 ὦτα

144 2081 267 2134 έχων,
309 2053 584 2133 επίλαμπτος
622 2079 668 2121 δὲ
705 2076 970 2135 αφάσσουσα
1002 2077 1141 2129 έσται,
1182 2078 1227 2119 εὐ
1260 2076 1420 2119 εἰδέναι
1452 2073 1510 2126 ὥς

144 2147 355 2192 ἀιστώσει
385 2159 477 2202 μιν·
517 2143 635 2200 ὅμως
664 2149 813 2200 μέντοι
848 2145 1049 2202 ποιήσειν
1078 2148 1229 2187 ταῦτα.
1288 2141 1314 2200 ἡ
1349 2144 1426 2198 μὲν
1458 2141 1509 2199 δὴ

144 2215 386 2267 ὑπεδέξατο
406 2219 542 2257 ταῦτα
559 2218 619 2270 τῷ
641 2215 776 2270 πατρὶ
794 2213 1166 2270 κατεργάσεσθαι·
1191 2215 1269 2255 τοῦ
1292 2212 1338 2254 δὲ
1356 2211 1509 2265 Μάγου

145 2283 299 2325 τούτου
326 2286 402 2325 τοῦ
429 2282 640 2338 Σμέρδιος
664 2286 805 2336 Κῦρος
837 2278 859 2323 ὃ
886 2280 1129 2334 Καμβύσεω
1163 2277 1303 2335 ἅρχων
1333 2277 1388 2320 τὰ
1420 2271 1511 2319 ὦτα

149 2348 346 2403 ἀπέταμε
373 2347 438 2391 ἐπ’
462 2349 578 2405 αἰτίῃ
606 2349 656 2404 δή
683 2366 769 2391 τινι
795 2346 843 2390 οὖ
872 2351 1041 2403 σμικρῇ.
1096 2345 1121 2402 ἡ
1150 2340 1207 2388 ὦν
1234 2345 1284 2401 δὴ
1314 2345 1510 2399 Φαιδύμη

150 2415 269 2473 αὕτη,
297 2415 321 2473 ἡ
340 2421 418 2459 τοῦ
434 2414 608 2459 Ὀτάνεω
631 2416 841 2472 θυγάτηρ,
870 2415 1013 2458 πάντα
1034 2414 1317 2456 ἐπιτελέουσα
1336 2411 1390 2454 τὰ
1404 2409 1511 2454 ὕπε-

151 2486 303 2537 δέξατο
328 2488 388 2540 τῷ
415 2486 563 2538 πατρί,
592 2482 735 2525 ἐπείτε
762 2481 890 2537 αὐτῆς
914 2486 1044 2537 μέρος
1064 2481 1222 2536 ἐγίνετο
1241 2484 1315 2536 τῆς
1336 2476 1512 2531 ἀπίξιος

150 2551 273 2608 παρὰ
297 2551 372 2594 τὸν
396 2551 544 2606 Μάγον
576 2550 634 2604 (ἐν
661 2554 904 2606 περιτροπῇ
930 2548 1010 2604 γὰρ
1037 2546 1087 2604 δὴ
1115 2548 1160 2589 αἱ
1189 2555 1386 2603 γυναῖκες
1411 2563 1511 2603 φοι-

151 2625 299 2664 τέουσι
325 2627 440 2662 τοῖσι
465 2620 691 2674 Πέρσῃσι),
726 2617 920 2659 ελθοῦσα
946 2614 1046 2672 παρ’
1065 2614 1195 2657 αὑτὸν
1221 2609 1334 2666 εὗδε,
1367 2612 1515 2657 ὕπνω-

153 2692 279 2744 μένου
308 2688 354 2730 δὲ
378 2690 593 2743 καρτερῶς
617 2689 694 2727 τοῦ
719 2685 870 2739 Μάγου
896 2681 1040 2740 ἤφασε
1065 2682 1119 2725 τὰ
1151 2684 1254 2725 ώτα.
1302 2686 1514 2736 μαθοῦσα

154 2758 200 2801 δὲ
225 2755 273 2800 οὗ
297 2757 500 2809 χαλεπῶς
525 2751 614 2796 ἀλλ’
632 2751 846 2802 εὐπετέως
871 2750 947 2794 οὐκ
973 2751 1122 2804 έχοντα
1145 2749 1219 2794 τὸν
1245 2749 1380 2807 ἄνδρα
1406 2766 1511 2803 ωτα,

1529 1212 1562 1237 69
