1794 3282
222 862 269 887 167

231 1866 279 1891 168

293 233 375 277 306
667 235 981 272 HPOAOTOI·
1011 235 1053 269 Δ.
1080 234 1270 269 166—169.

293 311 373 368 γὰρ
403 311 473 352 καὶ
507 306 611 351 ἰδὼν
642 314 826 363 Δαρεῖον
859 303 1156 358 ἐπιθυμέοντα
1185 302 1453 358 μνημόσυνον
1484 301 1646 345 ἑωυτοῦ

294 381 509 421 λιπέσθαι
533 378 661 417 τοῦτο
686 372 735 416 τὸ
767 371 825 428 μὴ
852 369 967 427 ἄλλῳ
999 370 1063 427 εἰἠ
1095 371 1268 424 βασιλέϊ
1296 374 1645 428 κατεργασμένον,

296 444 493 498 ἐμιμέετο
523 446 693 492 τοῦτον,
729 438 772 491 ἒς
806 439 828 482 ὃ
862 438 987 493 ἔλαβε
1017 437 1091 481 τὸν
1121 436 1300 491 μισθόν.
1361 444 1544 495 Δαρεῖος
1572 438 1648 492 μὲν

292 510 372 568 γὰρ
397 513 573 568 χρυσίον
598 507 914 563 καθαρώτατον
940 503 1176 562 ἀπεψήσας
1203 503 1244 555 ἐς
1274 502 1324 547 τὸ
1351 504 1648 547 δυνατώτατον

293 578 484 632 νόμισμα
504 575 709 631 ἐκόψατο,
733 573 960 630 ,Ἀρυάνδης
981 573 1026 615 δὲ
1047 571 1187 627 ἅρχων
1198 571 1424 627 Αἰγύπτου
1448 569 1649 628 ἀργύριον

292 643 431 689 τώυτὸ
457 648 586 687 τοῦτο
613 642 777 686 ἐποίεε·
804 642 875 683 καὶ
899 644 971 683 νῦν
998 639 1089 683 ἐστὶ
1115 637 1316 696 ἀργύριον
1334 638 1649 696 καθαρώτατον

292 712 341 756 τὸ
363 711 643 768 (Ἀρυανδικόν.
702 707 861 763 μαθων
888 708 934 751 δὲ
958 707 1143 765 Δαρεῖός
1166 724 1239 761 μιν
1262 710 1399 749 ταῦτα
1429 709 1647 758 ποιεῦντα,

295 780 436 836 αἰτίην
461 778 503 822 οἱ
528 776 658 833 ἄλλην
684 775 904 826 ἐπενείκας
930 772 989 826 ὥς
1014 774 1056 817 οἱ
1082 774 1379 826 ἐπανίσταιτο,
1414 772 1648 816 ἀπέκτεινε.

294 847 392 890 τότε
425 846 471 889 δὲ
497 839 621 895 οὗτος
652 842 674 887 ὅ
695 841 922 899 Ἀρυάνδης
951 845 1244 897 κατοικτείρας
1272 844 1504 896 Φερετίμην
1536 840 1653 883 διδοῖ

297 914 403 972 αὐτῇ
436 911 618 969 στρατὸν
649 909 723 954 τὸν
761 909 806 962 ἐξ
834 909 1058 965 Αἰγύπτου
1098 906 1270 951 ἅπαντα
1305 910 1377 951 καὶ
1411 906 1485 950 τὸν
1521 905 1650 960 πεζὸν

296 984 367 1024 καὶ
397 981 471 1023 τὸν
502 978 719 1023 ναυτικόν·
759 975 994 1033 στρατηγὸν
1026 977 1072 1018 6&
1103 980 1180 1019 τοῦ
1210 977 1286 1030 μὲν
1318 975 1449 1028 πεζοῦ
1478 972 1651 1029 Ἄμασιν

297 1047 479 1100 ἀπέδεξε
506 1045 639 1103 ἄνδρα
663 1046 909 1101 Μαράφιον,
939 1048 1015 1086 τοῦ
1043 1044 1088 1086 δὲ
1113 1047 1311 1086 ναυτικοῦ
1329 1043 1502 1098 Βάδρην
1528 1042 1652 1085 ἐόντα

297 1115 585 1170 Πασαργάδην
609 1117 740 1168 γένος.
801 1113 902 1168 πρὶν
929 1111 974 1153 δὲ
998 1108 1025 1166 ἢ
1051 1108 1310 1153 ἀποστεῖλαι
1334 1109 1409 1165 τὴν
1435 1109 1651 1165 στρατιήν,

299 1183 322 1226 ὁ
349 1180 576 1239 Ἀρυάνδης
606 1183 788 1233 πέμψας
819 1177 861 1227 ἒς
890 1177 964 1234 τὴν
995 1177 1163 1232 Βάρκην
1193 1177 1351 1233 κήρυκα
1382 1176 1652 1219 ἐπυνθάνετο

297 1252 363 1300 τίς
389 1248 452 1303 ε’ίη
479 1245 501 1289 ὃ
523 1245 792 1301 Ἀρκεσίλεων
818 1243 1088 1294 ἀποκτείνας.
1150 1244 1191 1286 οἱ
1222 1245 1268 1286 6&
1291 1250 1502 1298 Βαρκαῖοι
1528 1241 1653 1285 αὐτοὶ

298 1315 556 1358 ὑπεδέκοντο
582 1313 758 1362 πάντες·
796 1311 938 1353 πολλά
962 1327 1007 1352 τε
1032 1310 1112 1366 γὰρ
1143 1313 1213 1352 καὶ
1237 1309 1345 1352 κακὰ
1369 1310 1552 1362 πάσχειν
1576 1306 1649 1351 ὑπ’

300 1381 446 1425 αὗτοῦ.
506 1379 759 1432 πυθόμενος
795 1379 841 1420 δὲ
870 1381 1006 1419 ταῦτα
1043 1375 1064 1419 ὁ
1093 1375 1319 1432 Ἀρυάνδης
1356 1373 1467 1418 οὕτω
1500 1375 1550 1431 δὴ
1581 1374 1654 1430 τὴν

301 1447 500 1504 στρατιὴν
526 1444 754 1488 ἀπέστειλε
780 1441 870 1498 ἅμα
893 1448 944 1500 τῇ
968 1448 1189 1500 Φερετίμῃ.
1229 1440 1334 1500 αὕτη
1354 1442 1430 1497 μέν
1448 1460 1518 1485 νυν
1538 1442 1654 1499 αἰτίη

299 1516 532 1572 πρόσχημα
555 1517 632 1556 τοῦ
659 1512 786 1567 λόγου
814 1510 985 1566 ἐγίνετο,
1014 1510 1233 1565 ἐπέμπετο
1261 1511 1306 1553 δὲ
1329 1508 1353 1566 ἡ
1377 1510 1566 1566 στρατιή,
1596 1508 1655 1561 ὥς

301 1583 398 1637 ἐμοὶ
429 1582 602 1630 δοκέειν,
643 1578 715 1621 ἐπὶ
740 1578 917 1633 Λιβύων
948 1582 1246 1634 καταστροφῇ·
1283 1578 1459 1632 Λιβύων
1489 1576 1570 1634 γὰρ
1603 1576 1652 1634 δὴ

302 1650 432 1693 ’έθνεα
457 1646 598 1691 πολλὰ
622 1647 695 1688 καὶ
724 1646 912 1689 παντοῖά
939 1644 1048 1695 ἔστι,
1081 1647 1151 1687 καὶ
1182 1644 1235 1687 τὰ
1260 1645 1335 1698 μὲν
1361 1642 1501 1688 αὐτῶν
1533 1642 1657 1700 ὀλίγα

300 1718 503 1772 βασιλέος
542 1708 591 1771 ἦν
632 1711 821 1769 ὑπήκοα,
865 1711 919 1755 τὰ
962 1713 1008 1755 6&
1050 1714 1168 1755 πλέω
1212 1711 1433 1769 ἐφρόντιζε
1470 1716 1655 1769 Δαρείου

303 1782 439 1827 οὐδέν.

391 1851 587 1894 Οἰκέουσι
612 1849 658 1891 δὲ
681 1846 790 1890 κατὰ
819 1847 924 1890 τάδε
948 1850 1121 1901 Λίβυες.
1175 1843 1249 1889 ἀπ’
1266 1846 1492 1902 Αἰγύπτου
1526 1845 1658 1903 ἀρξά-

303 1934 424 1973 μενοι
437 1921 606 1973 πρῶτοι
615 1913 918 1971 Ἀδυρμαχίδαι
931 1914 1106 1968 Λιβύων
1119 1917 1405 1964 κατοικέαται,
1427 1917 1470 1956 οἳ
1483 1914 1657 1968 νόμοισι

302 1987 378 2040 μὲν
403 1983 457 2027 τὰ
482 1986 600 2027 πλέω
626 1982 910 2036 Αἰγυπτίοισι
932 1985 1148 2037 χρέονται,
1183 1980 1349 2036 ἐσθῆτα
1375 1982 1421 2023 δὲ
1447 1984 1658 2037 φορέουσι

306 2052 482 2107 οἳήνπερ
510 2050 552 2092 οἱ
577 2048 701 2091 ἄλλοι
725 2051 896 2102 Λίβυες.
958 2047 1003 2089 αἱ
1035 2048 1081 2089 6&
1110 2055 1303 2102 γυναῖκες
1335 2045 1474 2089 αὗτιῦν
1504 2049 1656 2101 ψέλιον

304 2120 404 2174 περὶ
426 2117 600 2173 ἑκατέρῃ
619 2120 703 2158 τῶν
723 2117 913 2171 κνημέων
931 2117 1141 2170 φορέουσι
1154 2114 1348 2166 χάλκεον·
1374 2113 1452 2165 τὰς
1465 2113 1656 2170 κεφαλὰς

307 2187 352 2229 6&
376 2184 628 2239 κομέουσαι,
660 2181 761 2233 τοὺς
792 2185 984 2238 φθεῖρας
1015 2179 1147 2223 ἐπεὰν
1173 2181 1341 2235 λάβωσι
1364 2180 1467 2231 τοὺς
1498 2180 1659 2238 ἑωυτῆς

307 2253 462 2309 ἑκάστη
500 2249 741 2294 ἀντιδάκνει
776 2250 849 2291 καὶ
886 2245 997 2290 οὕτω
1037 2250 1194 2306 ῥίπτει.
1262 2242 1383 2291 οὗτοι
1419 2249 1465 2291 δὲ
1506 2253 1660 2303 μοῦνοι

305 2320 481 2375 Λιβύων
516 2322 642 2362 τοῦτο
680 2316 945 2373 ἐργάζονται,
985 2317 1057 2358 καὶ
1090 2320 1151 2372 τῷ
1187 2317 1360 2370 βασιλέϊ
1393 2320 1547 2370 μοῦνοι
1582 2315 1661 2368 τὰς

307 2386 557 2443 παρθένους
586 2384 827 2439 μελλούσας
858 2386 1088 2427 συνοικέειν
1115 2382 1451 2426 ἐπιδεικνύουσι·
1481 2383 1506 2439 ἢ
1541 2381 1631 2426 δὲ’
1612 2401 1663 2427 αν

307 2460 367 2498 τῶ
388 2455 560 2509 βασιλέι
580 2451 735 2508 ἀρεστὴ
757 2451 941 2508 γένηται,
968 2448 1056 2494 ὑπὸ
1077 2451 1231 2493 τούτου
1254 2451 1662 2507 διαπαρθενεύεται.

309 2522 553 2579 παρήκουσι
585 2521 630 2563 6&
656 2521 775 2563 οὗτοι
801 2519 842 2561 οἱ
862 2517 1171 2599 Αδυρμαχίδαι
1196 2516 1270 2561 απ’
1285 2518 1511 2574 Αἰγύπτου
1541 2521 1664 2574 μέχρι

238 2603 286 2629 169
310 2592 479 2644 λιμένος
502 2606 563 2644 τῳ
591 2584 751 2641 ούνομα
770 2586 934 2636 Πλυνός
959 2584 1061 2628 ἔστι.
1096 2586 1259 2629 τούτων
1285 2585 1369 2628 δὲ’
1357 2585 1523 2638 ε’χονται
1546 2587 1666 2628 Ιιλι-

309 2658 490 2715 γάμμαι,
517 2655 742 2709 νεμόμενοι
766 2652 839 2710 τὴν
864 2652 975 2709 πρὸς
1000 2652 1183 2709 ἕσπέρην
1204 2653 1346 2709 χώρην
1369 2652 1493 2707 μέχρι
1513 2650 1666 2731 Αφρο-

311 2724 508 2775 δισιάδος
543 2739 688 2779 νησου.
754 2721 796 2765 ἐν
833 2721 879 2763 δὲ
913 2724 973 2776 τῶ
1010 2719 1169 2774 μεταξύ
1205 2720 1360 2763 τούτου
1396 2719 1522 2775 χώρω
1559 2716 1586 2774 ἥ
1620 2734 1665 2761 τε
