1794 3282
226 1121 258 1146 71

233 2541 265 2567 72

278 220 335 263 30
673 221 989 259 ΗΡΟΔΟΤΟΥ
1019 220 1061 254 Α.
1087 221 1173 255 70-
1180 221 1232 256 72

280 299 468 355 μεγάθεϊ
491 297 761 352 τριηκοσίους
782 289 1007 347 ἀμφορέας
1023 293 1239 346 χωρέοντα
1259 283 1359 346 ἦγον
1379 291 1516 372 503va
1533 294 1639 345 βου-

281 368 454 420 λόμενοι
480 362 727 406 ἀντιδουναι
746 362 935 413 Κροίσῳ.
975 358 1101 407 οὗτος
1127 355 1149 400 ὁ
1175 357 1331 416 κρητὴρ
1359 357 1434 402 οὐκ
1454 357 1637 401 ἀπίκετο

283 433 325 484 ἔς
349 431 510 487 Σάρδις
542 427 594 472 δι’
619 428 761 477 αἰτίας
793 427 1003 482 διφασίας
1034 426 1261 481 λεγομένας
1291 426 1533 470 τάσδε.οἱ
1561 426 1639 481 μὲν

279 497 621 551 Λακεδαιμόνιοι
646 496 818 550 λέγουσι
844 491 903 543 (ὗς
928 492 1071 535 ἐπείτε
1092 491 1300 548 ἀγόμενος
1320 493 1362 545 ἐς
1380 493 1458 545 τὰς
1476 494 1640 549 Σάρδις

281 566 303 610 ὁ
340 564 495 621 κρητὴρ
533 563 691 619 ἐγίνετο
728 559 837 604 κατὰ
872 559 945 617 τὴν
976 564 1160 617 Σαμίην,
1197 561 1444 616 πυθόμενοι
1477 562 1640 616 Σάμιοι

281 633 518 677 ἀπελοίατο
545 628 675 673 αὐτὸν
700 631 823 686 νηυσὶ
847 632 1036 685 μακρῇσι
1062 627 1411 680 ἐπιπλεύσαντες·
1445 627 1568 672 αὐτοὶ
1594 629 1642 672 δὲ

280 702 443 756 Σάμιοι
467 701 639 755 λέγουσι
666 695 724 748 ὥς
750 694 893 739 ἐπείτε
918 694 1155 752 ὑστέρησαν
1181 696 1222 738 οἱ
1248 694 1421 752 ἄγοντες
1445 701 1530 739 τῶν
1548 703 1642 740 Λα-

279 770 562 823 κεδαιμονίων
587 764 661 809 τὸν
685 769 891 822 κρητῆρα,
921 763 1218 807 ἐπυνθάνοντο
1245 765 1291 807 δὲ
1315 765 1476 820 Σάρδις
1499 780 1546 807 τε
1570 766 1642 807 καὶ

281 844 470 892 Κροῖσον
496 833 716 891 ἡλωκέναι,
746 831 959 875 ἀπέδοντο
978 830 1053 875 τὸν
1072 836 1260 889 κρητῆρα
1281 831 1322 875 ἓν
1341 832 1490 888 Σάμῳ,
1520 831 1644 874 ἰδιώ-

280 922 357 956 τας
383 904 429 947 δὲ
461 900 617 959 ἄνδρας
648 904 913 958 πριαμένους
943 898 1177 943 ἀναθεῖναί
1199 917 1273 954 μιν
1305 899 1348 950 ἐς
1379 899 1428 942 τὸ
1451 898 1642 955 Ἡραῖον·

281 973 390 1026 τάχα
429 971 473 1014 δὲ
513 968 563 1013 ἂν
599 971 670 1011 καὶ
707 984 749 1011 οι
786 965 1054 1023 ἀποδόμενοι
1097 969 1260 1023 λεγοιεν
1303 965 1562 1022 ἀπικόμενοι
1601 967 1644 1019 ἒς

282 1040 488 1096 Σπάρτην
513 1035 572 1088 ὥς
598 1035 948 1092 ἀπαιρεθείησαν
973 1033 1061 1079 ὑπὸ
1087 1039 1277 1090 Σαιιίων.

369 1105 491 1150 Κατὰ
526 1109 603 1160 μέν
632 1122 704 1148 νυν
734 1103 808 1147 τὸν
844 1108 1032 1159 κρητῆρα
1072 1100 1184 1146 ου’τω
1223 1119 1337 1156 εσχε,
1376 1109 1564 1160 Κροῖσος
1597 1103 1645 1146 δὲ

285 1172 487 1232 ἆιιαρτιὺν
512 1177 590 1216 τοῦ
611 1176 805 1230 χρησιιοῦ
838 1171 1035 1214 εποιέετο
1068 1175 1298 1228 στρατηίην
1331 1187 1373 1222 ες
1397 1171 1646 1214 Καππαδο-

284 1247 394 1299 κίην,
440 1241 621 1292 ἐλπίσας
657 1239 930 1296 καταιρήσειν
967 1239 1108 1293 Κῦρόν
1144 1256 1191 1282 τε
1227 1241 1298 1281 καὶ
1333 1237 1408 1295 τὴν
1444 1242 1647 1295 Περσέων

287 1311 478 1364 δύναμιν.
539 1307 973 1364 παρασκευαζομένου
1013 1307 1059 1349 δὲ
1096 1310 1284 1363 Κροίσου
1324 1307 1646 1364 στρατεύεσθαι

287 1379 362 1422 ἐπὶ
382 1381 563 1434 Πέρσας,
591 1380 675 1419 τῶν
694 1392 760 1426 τις
778 1375 934 1418 Λυδιῦν
953 1375 1230 1429 νομιζόμενος
1255 1375 1325 1417 καὶ
1339 1375 1516 1430 πρόσθε
1537 1372 1647 1418 εἶναι

290 1447 447 1503 σοφός,
484 1443 573 1487 ἀπὸ
601 1444 647 1486 δὲ
671 1443 830 1499 ταύτης
854 1446 928 1499 τῆς
952 1439 1122 1498 γνιόμης
1146 1444 1215 1485 καὶ
1241 1441 1290 1484 τὸ
1322 1442 1458 1499 κάρτα
1485 1440 1647 1496 οὕνομα

287 1513 329 1557 ἓν
353 1513 542 1557 Λυδοῖσι
573 1511 690 1564 ἔχων,
726 1511 1032 1564 συνεβούλευσε
1057 1513 1230 1566 Κροίσῳ
1258 1510 1382 1552 τάδε·
1416 1508 1579 1564 οὔνομά
1606 1510 1648 1552 οἱ

285 1576 334 1638 ἦν
364 1580 587 1630 Σάνδανις.
643 1572 710 1620 ε(ιῦ
741 1579 939 1632 βασιλεῦ,
980 1574 1045 1619 ἐπ’
1069 1574 1227 1631 ἄνδρας
1257 1577 1485 1628 τοιούτους
1517 1593 1648 1633 στρα-

285 1649 495 1691 τεύεσθαι
509 1645 870 1703 παρασκευάζεαι,
900 1647 942 1687 οἳ
962 1648 1160 1695 σκυτίνας
1178 1645 1254 1698 μὲν
1275 1642 1533 1701 ἀναξυρίδας
1548 1661 1649 1688 σκυ-

285 1721 401 1773 τίνην
435 1716 479 1758 δὲ
511 1713 585 1771 τὴν
616 1711 745 1768 ἄλλην
777 1712 944 1769 ἐσθῆτα
977 1716 1205 1770 φορέουσι,
1247 1716 1462 1756 σιτέονται
1494 1713 1541 1755 δὲ
1573 1711 1649 1756 οὐκ

288 1782 371 1827 ὅσα
408 1783 613 1825 ἐθέλουσι
650 1778 738 1823 ἀλλ’
763 1777 847 1823 ὅσα
879 1780 1041 1834 ἔχουσι,
1079 1780 1221 1836 χώρην
1253 1780 1418 1833 ἔχοντες
1453 1783 1647 1837 τρηχέαν.

286 1850 400 1908 πρὸς
420 1851 465 1892 δὲ
486 1847 561 1892 οὐκ
582 1849 683 1905 οἴνῳ
706 1848 976 1903 διαχρέονται
997 1845 1085 1889 ἀλλ’
1106 1845 1438 1905 ὑδροποτέουσι,
1469 1847 1517 1891 οὐ
1540 1853 1649 1891 σῦκα

289 1920 334 1961 δὲ
361 1918 505 1971 ἔχουσι
526 1916 717 1972 τρώγειν,
746 1914 822 1958 οὐκ
842 1913 946 1957 ἄλλο
969 1913 1140 1970 ἀγαθὸν
1162 1913 1296 1958 οὐδέν.
1333 1920 1462 1958 τοῦτο
1482 1916 1558 1970 μὲν
1580 1916 1645 1972 δή,

288 1987 327 2029 εἰ
351 1986 550 2042 νικήσεις,
578 1988 622 2026 τί
643 2000 781 2041 σφεας
802 1981 1085 2039 ἀπαιρήσεαι,
1112 1987 1229 2025 τοῖσί
1240 1999 1287 2038 γε
1300 1981 1358 2038 μὴ
1382 1983 1473 2026 ἔστι
1492 1984 1649 2040 μηδέ-ν,-

287 2058 416 2097 τοῦτο
444 2053 501 2104 δέ,
532 2049 578 2108 ἢν
603 2055 796 2108 νικηθῇς,
823 2051 944 2104 μάθε
966 2047 1049 2093 ὅσα
1070 2047 1221 2106 ἀγαθά
1243 2048 1525 2104 ἀποβαλέεις·
1551 2068 1650 2107 γευ-

289 2122 470 2176 σάμενοι
505 2119 586 2176 γὰρ
622 2124 707 2162 τῶν
743 2117 960 2176 ἡμετέρων
1004 2115 1187 2173 ἀγαθῶν
1231 2120 1505 2175 περιέξονται
1549 2117 1650 2162 οὐδὲ

290 2188 492 2232 ἀπωστοὶ
519 2187 704 2231 ἔσονται.
756 2185 837 2243 ἐγὼ
864 2189 940 2241 μέν
965 2202 1036 2229 νυν
1062 2190 1212 2229 θεοῖσι
1239 2185 1319 2239 ἔχω
1340 2186 1477 2242 χάριν,
1506 2189 1550 2229 οἳ
1575 2184 1651 2230 οὐκ

289 2257 364 2300 ἐπὶ
394 2257 492 2299 νόον
523 2257 702 2298 ποιεῦσι
750 2258 943 2311 Πέρσῃσι
974 2254 1295 2311 στρατεύεσθαι
1326 2253 1401 2297 ἐπὶ
1431 2252 1646 2306 Λυδούς.”

288 2329 425 2368 ταῦτα
450 2326 581 2379 λέγων
609 2322 683 2366 οὐκ
708 2322 863 2365 ἐ’πειθε
888 2321 962 2364 τὸν
986 2328 1193 2377 Κροῖσον·
1220 2325 1414 2379 Πέρσῃσι
1438 2322 1520 2378 γὰρ
1546 2324 1651 2378 πρὶν

287 2391 461 2442 Λυδοὺς
497 2393 894 2447 καταστρέψασθαι
936 2383 984 2446 ἧν
1022 2388 1120 2432 οὔτε
1158 2388 1290 2445 ἁβρὸν
1335 2389 1433 2433 οὔτε
1479 2388 1651 2447 ἀγαθὸν

291 2458 426 2503 οὖόέν.

378 2527 426 2571 Οἱ
447 2527 492 2569 δὲ
511 2526 810 2569 Καππαδόκαι
830 2523 1120 2582 ὑπ’Ἑλλήνων
1129 2525 1310 2606 Σύριοι
1315 2523 1650 2579 οὗνοιιάζονται·

289 2589 398 2651 ἦσαν
424 2596 470 2638 δὲ
496 2611 537 2637 οι
556 2594 708 2673 Σύριοι
734 2587 855 2636 οὗτοι
880 2592 929 2636 τὸ
955 2594 1031 2647 μὲν
1050 2593 1263 2651 πρότερον
1283 2591 1310 2649 ἢ
1330 2597 1500 2650 Πέρσας
1521 2591 1649 2648 ἄρξαι

290 2663 450 2719 Μήδων
475 2663 695 2718 κατήκοοι,
728 2662 828 2705 τότε
855 2661 900 2704 δὲ
925 2661 1087 2716 Κύρου·
1121 2659 1142 2704 ὁ
1169 2660 1249 2718 γὰρ
1277 2662 1404 2717 οὖρος
1428 2662 1479 2717 ἠν
1503 2664 1579 2716 τῆς
1603 2677 1650 2703 τε

290 2731 482 2786 Μηδικης
509 2728 640 2785 ἀρχης
665 2731 736 2772 καὶ
761 2733 836 2785 τῆς
860 2729 1048 2785 Λυδικης
1075 2727 1097 2771 ὁ
1115 2726 1232 2780 Αλυς
1251 2727 1462 2783 ποταμός,
1493 2726 1541 2778 ὃς
1561 2729 1648 2785 ῥέει
