1794 3282
447 237 761 273 ΗΡΟΔΟΤΟΥ
790 239 830 272 Γ.
857 238 933 272 118.
962 238 1039 271 119.
1344 227 1427 268 227

58 325 142 350 των
169 306 280 350 ἑπτὰ
307 304 486 362 ἀνδρῶν,
518 306 590 349 ἕνα
617 305 758 350 αὖτιῦν
779 304 1048 363 >Ῑνταφέρνεα
1072 307 1281 360 κατέλαβε
1306 303 1428 362 ὑβρί-

60 393 194 419 σαντα
230 375 334 418 τάδε
373 373 621 417 ἀποθανεῖν
659 373 812 417 αὐτίκα
854 374 962 429 μετὰ
999 373 1073 430 τὴν
1118 373 1427 417 ἐπανάστασιν.

58 441 192 499 ἤθελε
231 442 273 494 ἐς
302 441 356 485 τὰ
386 444 597 499 βασιλήια
631 442 826 486 ἐσελθών
855 446 1218 499 χρηματίσασθαι
1252 445 1314 498 τῷ
1350 445 1430 495 βα-

60 512 192 553 σιλέϊ·
230 512 301 553 καὶ
332 509 412 567 γὰρ
446 510 496 567 δὴ
528 512 599 553 καὶ
632 509 654 554 ὁ
681 511 812 565 νόμος
839 508 951 553 οὕτω
979 508 1083 563 εἶχε,
1118 518 1233 552 τοῖσι
1268 508 1430 552 ἐπανα-

61 582 191 621 στᾶσι
216 582 277 634 τῷ
297 579 434 635 Μάγῳ
463 578 614 622 ἔσοδον
635 577 744 621 εἶναι
770 576 892 634 παρὰ
910 579 1095 632 βασιλέα
1115 574 1213 619 ἄνευ
1235 575 1428 633 ἀγγέλου,

63 643 110 701 ἢν
135 644 193 702 μὴ
220 648 385 701 γυναικὶ
411 647 593 704 τυγχάνῃ
619 646 880 702 μισγόμενος
903 645 1122 699 βασιλεύς.
1181 642 1257 687 οὖκ
1290 638 1347 686 ὦν
1380 643 1430 699 δὴ

57 711 326 770 Ἰνταφέρνης
347 713 537 757 ἐδικαίου
561 713 713 757 οὐδένα
734 713 776 756 οἳ
796 713 1053 769 ἐσαγγεῖλαι,
1084 710 1172 754 ἀλλ’
1190 710 1257 754 ὅτι
1276 706 1326 768 ἦν
1346 715 1431 754 τῶν

65 780 190 832 ἑπτά,
220 780 380 824 ἐσιέναι
405 779 553 837 ἤθελε.
603 780 625 824 ὁ
654 782 699 824 δὲ
725 779 943 837 πυλουρὸς
968 782 1040 822 καὶ
1066 777 1088 823 ὁ
1117 778 1433 836 ἀγγελιηφόρος

66 846 113 890 οὗ
141 849 399 905 περιιόρεον,
441 850 630 905 φάμενοι
660 847 734 891 τὸν
763 849 947 902 βασιλέα
978 849 1142 903 γυναικὶ
1175 850 1430 902 μίσγεσθαι.

65 913 87 958 ὃ
128 916 174 958 δὲ
205 914 473 973 Ἰνταφέρνης
517 916 675 958 δοκέων
720 918 858 971 σφέας
901 915 1069 969 ψεύδεα
1111 916 1248 970 λέγειν
1290 917 1434 956 ποιέει

62 984 233 1026 τοιάδε·
273 984 553 1036 σπασάμενος
589 982 663 1026 τὸν
696 980 899 1024 ἀκινάκεα
931 979 1176 1035 ἀποτάμνει
1208 978 1349 1023 αὐτῶν
1378 981 1433 1022 τά

64 1068 110 1094 τε
137 1045 228 1093 ὦτα
252 1052 324 1093 καὶ
348 1049 426 1100 τὰς
452 1051 589 1105 ῥῖνας,
622 1052 694 1092 καὶ
721 1047 892 1104 ἀνείρας
924 1051 1025 1103 περὶ
1055 1048 1129 1091 τὸν
1157 1046 1331 1101 χαλινὸν
1355 1052 1432 1090 τοῦ

63 1118 206 1161 ἵππου
233 1119 335 1173 περὶ
359 1116 461 1167 τοὺς
488 1115 668 1170 αὐχένας
695 1120 840 1173 σφέων
867 1116 1005 1172 ἔδησε,
1031 1118 1102 1158 καὶ
1130 1114 1283 1172 ἀπῆκε.
1323 1115 1366 1158 οἱ
1386 1115 1432 1158 δὲ

62 1190 123 1242 τῷ
153 1184 328 1240 βασιλέϊ
359 1185 602 1228 δεικνύουσι
634 1183 822 1235 ἑωυτοὺς
852 1186 924 1227 καὶ
954 1183 1028 1240 τὴν
1055 1183 1194 1241 αἰτίην
1225 1181 1350 1226 εἶπον
1377 1182 1430 1226 δι’

61 1253 111 1310 ἢν
137 1253 416 1303 πεπονθότες
443 1253 603 1309 εἴησαν.
666 1260 851 1308 Δαρεῖος
878 1252 924 1295 δὲ
950 1250 1207 1309 ἀρρωδήσας
1224 1250 1282 1308 μὴ
1304 1255 1433 1307 κοινῷ

62 1321 175 1377 λόγῳ
204 1321 245 1363 οἱ
267 1322 312 1373 ἐξ
330 1321 622 1376 πεποιηκότες
644 1319 749 1363 ἐίοσι
767 1325 917 1372 ταῦτα,
945 1320 1341 1374 μεταπεμπόμενος
1362 1318 1433 1361 ἕνα

63 1388 241 1432 ἕκαστον
275 1386 546 1443 ἀπεπειρᾶτο
578 1388 766 1444 γνώμης,
802 1388 839 1430 εἰ
871 1391 1126 1430 συνέπαινοί
1151 1387 1237 1430 εἰσι
1266 1391 1328 1443 τῷ
1354 1404 1435 1430 πε-

62 1459 300 1512 ποιημένῳ.
334 1454 478 1498 ἐπείτε
500 1457 545 1498 δὲ
569 1455 756 1509 ἐξέμαθε
777 1453 835 1506 ὠς
857 1453 904 1498 οὗ
925 1454 1013 1498 ἐπὶ
1034 1459 1348 1510 συγκειμένοισι
1368 1455 1432 1510 εἰἠ

62 1528 198 1567 ταῦτα
231 1523 504 1580 πεποιηκώς,
545 1523 671 1577 ἔλαβε
709 1520 840 1565 αὐτόν
877 1539 922 1565 τε
953 1522 1027 1566 τὸν
1053 1521 1324 1580 Ἰνταφέρνεα
1360 1524 1433 1564 καὶ

62 1591 163 1642 τοὺς
194 1591 360 1642 παῖδας
393 1588 527 1634 αὐτοῦ
558 1593 631 1633 καὶ
661 1589 768 1640 τοὺς
800 1590 991 1646 οἰκηίους
1027 1591 1212 1642 πάντας,
1254 1589 1435 1639 ἐλπίδας

63 1658 232 1709 πολλὰς
264 1657 369 1711 ἔχων
407 1658 517 1713 μετὰ
554 1663 639 1701 τῶν
677 1662 910 1714 συγγενέων
948 1675 1021 1712 μιν
1059 1657 1356 1713 ἐπιβουλεύειν
1394 1657 1436 1699 οἱ

65 1726 374 1779 ἐπανάστασιν,
404 1725 629 1781 συλλαβών
657 1727 704 1768 δέ
729 1742 867 1783 σφεας
895 1726 1020 1782 ἔδησε
1046 1724 1120 1782 τὴν
1141 1726 1214 1769 ἐπὶ
1234 1724 1433 1780 θανάτῳ.

63 1792 88 1850 ἡ
118 1795 164 1837 δὲ
187 1793 288 1851 γυνη
314 1799 392 1838 τοῦ
414 1793 702 1851 Ἰνταφέρνεος
728 1797 968 1850 φοιτέουσα
996 1794 1066 1836 ἐπὶ
1093 1793 1171 1844 τὰς
1196 1793 1339 1848 θύρας
1357 1796 1434 1835 τοῦ

63 1861 268 1917 βασιλέος
305 1864 502 1905 κλαίεσκε
535 1860 586 1905 ἂν
617 1864 688 1904 καὶ
727 1859 1003 1917 ὀδυρέσκετο·
1044 1865 1233 1904 ποιεῦσα
1271 1861 1317 1903 δὲ
1349 1860 1436 1903 αἰεὶ

65 1928 208 1973 τώυτὸ
234 1934 362 1972 τοῦτο
394 1930 467 1973 τὸν
494 1936 679 1986 Δαρεῖον
712 1929 859 1972 ἔπεισε
893 1929 1103 1985 οἰκτεῖραί
1132 1947 1216 1983 μιν,
1251 1932 1436 1983 πέμψας

68 1999 114 2041 δὲ
147 1995 323 2053 ἄγγελον
355 1997 470 2053 ἔλεγε
501 1997 606 2040 τάδε
633 1990 701 2038 “cg
733 1997 875 2052 γύναι,
914 1997 1120 2051 βασιλεύς
1150 2013 1220 2039 τοι
1251 2003 1437 2053 Δαρεῖος

68 2066 187 2109 διδοῖ
211 2065 282 2108 ἕνα
307 2069 392 2108 τιῦν
419 2066 654 2119 δεδεμένων
682 2064 855 2121 οἰκηίων
882 2065 1126 2122 ῥύσασθαι,
1159 2063 1233 2107 τὸν
1256 2064 1437 2121 βούλεαι

69 2133 113 2176 ἐκ
144 2131 357 2176 πάντων.”
414 2131 439 2190 ἡ
472 2133 518 2175 δὲ
547 2135 869 2190 βουλευσαμένη
902 2130 1159 2187 ὑπεκρίνατο
1197 2132 1315 2175 τάδε.
1366 2129 1438 2174 “el

67 2202 144 2255 μὲν
176 2201 225 2257 δή
251 2218 328 2254 μοι
361 2201 479 2243 διδοῖ
505 2199 712 2255 βασιλεὺς
744 2199 837 2250 ἑνὸς
868 2199 942 2256 τὴν
975 2200 1130 2256 ψυχήν,
1166 2199 1369 2256 αἱρέομαι
1395 2198 1439 2241 ἐκ

69 2269 245 2311 πάντων
270 2267 342 2311 τὸν
369 2266 619 2325 ἀδελφεόν.”
660 2269 916 2322 πυθόμενος
939 2269 984 2310 δὲ
1004 2275 1190 2323 Δαρεῖος
1208 2271 1347 2310 ταῦτα
1366 2268 1436 2308 καὶ

70 2336 289 2389 θωμάσας
313 2335 387 2377 τὸν
413 2335 551 2390 λόγον,
586 2339 770 2391 πέμψας
800 2333 979 2392 ἠγόρευε
1006 2329 1075 2377 “03
1101 2335 1243 2391 γύναι,
1279 2333 1438 2390 εἰρωτᾷ

71 2419 120 2446 σε
144 2403 365 2457 βασιλεύς,
404 2407 500 2445 τίνα
526 2403 684 2456 ἔχουσα
708 2403 896 2459 γνώμην,
934 2402 1008 2445 τὸν
1041 2400 1175 2458 ἄνδρα
1206 2417 1252 2444 τε
1282 2403 1352 2443 καὶ
1384 2400 1439 2443 τὰ

69 2474 195 2514 τέκνα
222 2470 589 2526 ἐγκαταλιποῦσα,
623 2470 697 2513 τὸν
723 2468 935 2527 ἀδελφεὸν
962 2470 1073 2512 εἵλεο
1108 2473 1326 2524 περιεῖναί
1353 2481 1435 2519 τοι,

71 2538 121 2590 ὃς
144 2540 216 2581 καὶ
242 2536 580 2593 ἀλλοτριώτερός
605 2554 673 2580 τοι
697 2542 782 2580 τιῦν
808 2538 980 2579 παίδων
1010 2539 1081 2579 καὶ
1114 2536 1239 2579 ἕσσον
1269 2553 1439 2593 κεχαρι-

72 2610 226 2661 σμένος
250 2610 326 2648 τοῦ
354 2603 508 2660 ἀνδρός
535 2603 664 2648 ἐστι.”
705 2603 729 2660 ἡ
758 2602 798 2647 δ’
817 2602 1019 2658 ἀμείβετο
1045 2605 1224 2647 τοιοίδε.
1263 2598 1333 2646 “cg
1358 2608 1439 2659 βα-

70 2677 212 2726 σιλεῦ,
242 2672 345 2731 ἀνὴρ
371 2677 446 2727 μέν
471 2689 548 2727 μοι
574 2671 624 2715 ἂν
651 2671 780 2726 ἄλλος
804 2676 989 2728 γένοιτο,
1018 2672 1056 2715 εἰ
1082 2672 1248 2726 δαίμων
1274 2671 1436 2724 ἐθέλοι,

72 2745 144 2786 καὶ
180 2746 304 2786 τέκνα
342 2739 467 2793 ἄλλα,
509 2740 546 2783 εἰ
581 2745 717 2784 ταῦτα
755 2738 1048 2795 ἀποβάλοιμι·
1087 2739 1254 2797 πατρὸς
1290 2740 1337 2783 δὲ
1368 2742 1438 2782 καὶ

1122 2809 1188 2842 15*

1458 1129 1507 1154 119
