1794 3282
139 260 243 289 XXII
724 262 778 287 DE
802 261 1010 288 HERODOTI

137 335 213 372 τὰς
227 334 427 382 Βραγχίδας
444 333 489 369 ἂν
503 336 631 369 εἰπεῖν.
655 335 854 380 Ἡρόδοτον
878 335 1027 369 Adiecit
1042 334 1340 370 easGaisfordius
1356 335 1441 370 edit.
1457 336 1525 371 vol.
1540 335 1592 371 IV

139 381 179 415 δὲ
206 380 344 425 μᾶλλον
373 380 418 413 ἄν
446 382 581 424 ἑτέρων
610 380 852 425 φυλάξασθαι,
879 380 947 414 334
959 389 1011 423 sq.
1041 379 1096 413 Cf.
1112 380 1244 415 Baehr.
1260 393 1295 426 p.
1309 382 1387 416 478.

138 427 269 470 ἀκριβῆ
287 439 325 459 τε
344 424 432 459 ὄντα
452 430 535 469 περὶ
553 425 596 458 τὰ
615 425 779 467 ὀνόματα
795 429 853 458 καὶ
924 424 1050 459 Verbo
1073 425 1205 460 dixisse
1229 430 1286 460 sat
1309 431 1377 469 est,
1402 426 1510 462 hodie
1533 437 1594 461 ne-

139 473 237 505 πάνυ
257 473 423 505 ἐπιεικῶς
441 472 711 515 φροντιστικὸν.
743 473 852 503 τοῦτο
879 469 970 503 mini
987 469 1136 503 dubium
1149 481 1239 515 esse,
1257 471 1345 515 quin
1358 471 1514 516 libellus,
1529 472 1594 516 qui

139 516 181 558 δὴ
213 516 438 560 θεραπεύων
475 528 528 549 τις
567 517 635 558 (sc.
669 513 854 550 Κοτυαεὺς
878 514 1088 548 inscribitur
1100 513 1595 561 <ΗροὸότουΑλικαρνασσῆος

137 559 383 604 Ἀλέξανδρος)
417 558 482 602 οὐχ
513 558 712 604 “Ηροὸ“ὁτου
746 563 854 604 φησὶν
881 564 964 603 περὶ
993 562 1053 601 τῆς
1081 563 1146 592 τοῦ
1172 558 1322 604 Ὁμήρου
1353 566 1510 605 γενέσιος
1535 566 1595 595 καὶ

137 605 328 650 ἁμάρτημα
350 609 548 650 γεγονέναι,
568 604 704 648 μᾶλλον
726 603 766 638 δὲ
789 604 854 638 τὸν
878 607 1020 648 βιοτῆς,
1044 603 1137 638 falso
1155 605 1322 639 addictus
1336 606 1382 640 sit
1394 606 1592 641 Herodoto.

135 654 277 696 γραφέα
306 654 397 693 φησὶ
425 648 638 693 διαμαρτεῖν
667 654 854 695 παρεμβα-
879 648 961 690 Qua
978 649 1022 683 de
1039 660 1078 683 re
1097 649 1262 684 conferas
1280 650 1508 685 Bleunierum
1530 663 1594 685 nu-

137 696 252 730 λόντα
273 695 317 729 τὸ
336 696 438 728 ἰῶτα.
478 694 593 728 πολλοὶ
619 694 657 728 δὲ
675 695 854 741 φέρεσθαι
880 705 948 739 per
968 694 1064 729 hanc
1086 698 1200 729 totam
1223 696 1472 739 quaestionem
1490 707 1595 730 accu-

136 744 237 784 μέχρι
275 743 343 774 νῦν
381 738 620 785 ἁμαρτήματα
658 741 751 774 κατὰ
789 740 854 781 τὴν
879 744 956 774 rate
989 744 1206 774 tractantem
1239 741 1298 783 (de
1326 741 1478 775 Homeri.
1504 741 1592 784 Vita,

138 784 337 829 Ἡροδότου
373 785 582 831 συγγραφὴν
615 789 673 819 καὶ
706 788 759 819 ἔτι
788 785 854 827 τὴν
880 796 973 830 quae
1011 785 1079 820 sub
1112 785 1291 820 Herodoti
1323 786 1596 820 Halicarnassei

139 829 366 866 Θουκυδίδου
397 835 456 864 καὶ
489 831 661 864 Φιλίστου
692 836 751 864 καὶ
779 833 855 864 τῶν
879 831 1024 864 nomine
1043 831 1311 874 circumfertur,
1336 831 1522 865 Herodoto
1540 831 1594 865 iu-

139 876 258 911 ιῖλλων
290 875 492 921 ἀξιολόγων
524 881 763 923 σι-γγραφέων
792 903 798 909 .
819 903 825 910 .
846 903 852 909 .
881 875 1293 911 cundissimoMusarum
1307 876 1446 911 auctori
1460 877 1593 911 eidem-

139 922 381 968 ἐπανάγωμεν
394 920 423 954 δ’
435 925 496 955 ἐπὶ
510 921 782 966 τὸνῊρόδοτον
795 925 854 954 καὶ
880 931 949 966 que
967 921 1139 955 historiae
1156 922 1301 966 parenti
1327 922 1471 956 omnino
1493 921 1594 956 abiu-

137 967 205 1001 τὸν
234 966 446 1013 διορθωτὴν
477 967 544 1000 τὸν
570 971 737 1000 Κοτιάεά
760 966 854 1000 Άλέ-
883 967 1051 1000 dicanda.
1085 967 1202 1001 Paris.
1223 968 1369 1009 1857).22

139 1010 308 1056 ξανὸρον.
348 1011 448 1054 ἠξίου
465 1011 532 1057 γὰρ
552 1011 570 1045 ὁ
591 1011 679 1055 ἀνὴρ
702 1013 854 1058 γράᾳειν
924 1011 974 1045 X.
1000 1011 1208 1046 Herodotus
1234 1023 1276 1046 ex
1298 1012 1491 1046 itineribus
1519 1013 1595 1046 lon-

138 1060 187 1103 τῇ
199 1070 239 1090 σι
254 1056 442 1099 Μιλησίων
461 1061 569 1100 χωρὶς
591 1060 655 1090 τοῦ
676 1058 765 1090 ἰῶτα
783 1059 854 1098 τῆς
880 1056 1027 1102 ginquis
1049 1068 1216 1091 reversus
1240 1057 1277 1091 in
1295 1061 1464 1102 quattuor
1483 1056 1596 1091 Grae-

136 1101 334 1143 ΛΙιί-ησίων,
362 1100 601 1144 ὑποκειμένης
623 1102 766 1140 ἔξωθεν
786 1102 855 1143 χαί·
880 1101 959 1136 ciae
990 1101 1141 1136 urbibus
1174 1102 1387 1148 Olympiae,
1427 1102 1596 1146 Athenis,

138 1161 199 1193 ρης
216 1147 235 1189 ἢ
252 1150 324 1193 γῆς.
359 1151 418 1180 καὶ
437 1148 505 1193 ἐγώ
525 1145 566 1180 δέ
582 1161 689 1191 φησιν
704 1147 854 1180 ἐπειθό-
881 1146 1055 1190 Corinthi,
1079 1147 1219 1181 Thebis
1237 1158 1335 1182 more
1353 1147 1597 1192 sophistarum

137 1207 208 1236 μην
233 1189 349 1228 οὕτως
371 1194 462 1234 ἔχειν
478 1191 523 1226 τὰ
540 1195 600 1234 τῆς
621 1195 770 1238 γραφῆς,
789 1191 855 1226 τὸν
879 1191 916 1225 in
961 1192 1111 1226 solemni
1150 1191 1373 1227 Graecomm
1418 1197 1596 1227 conventu

138 1237 168 1271 δ)
185 1236 298 1282 ἄνδρα
316 1240 376 1279 τῆς
393 1238 565 1282 ἀκριβοῦς
589 1242 763 1273 συνέσεως
781 1241 853 1271 ἐτε-
879 1248 990 1282 opera
1022 1249 1088 1271 sua
1123 1238 1181 1272 vel
1216 1238 1378 1283 insignes
1417 1238 1596 1282 quasdam

137 1284 347 1325 θαυμάκειν
361 1283 520 1325 ἐντυχών
532 1287 607 1318 τοῖς
615 1281 854 1328 Ἡροδοτείοις
878 1286 1001 1328 partes
1018 1283 1249 1317 recitantium
1266 1284 1497 1318 historiarum
1514 1295 1595 1328 par-

139 1327 263 1364 αύτοῖς
280 1330 381 1362 ἔπεσι
400 1332 459 1361 καὶ
475 1328 669 1374 γενόμενος
684 1330 745 1361 ἐπὶ
762 1327 854 1361 τέλει
878 1332 932 1362 tes
951 1328 1175 1374 praelegisse
1194 1329 1320 1363 fertur.
1369 1329 1425 1363 Ac
1444 1329 1488 1363 de
1506 1329 1595 1363 reci-

137 1377 200 1416 τῆς
221 1375 474 1419 Αἰγυπτιακῆς
496 1373 645 1417 βίβλου,
675 1371 749 1415 ἥτις
779 1377 854 1406 ἐστὶ
878 1374 1025 1407 tationis
1043 1374 1264 1419 Olympiis
1280 1374 1430 1408 habitae
1447 1373 1519 1408 fide
1537 1374 1596 1407 vix

139 1419 290 1464 δευτέρα
322 1422 364 1465 τῇ
398 1419 511 1459 τάξει,
553 1417 706 1462 εὑρίσκω
745 1418 854 1452 πάλιν
880 1419 1038 1453 dubitari
1055 1419 1152 1463 licet,
1170 1420 1276 1453 modo
1294 1431 1338 1454 ne
1355 1424 1471 1454 totum
1488 1419 1595 1464 quale

138 1464 230 1498 κατὰ
247 1464 313 1507 τὴν
325 1464 526 1506 αἰτιατικὴν
540 1467 682 1498 πτῶσιν
700 1464 853 1498 εἰπόντα
879 1476 973 1498 nunc
992 1468 1109 1498 exstat
1126 1476 1215 1509 opus
1238 1465 1284 1498 ab
1302 1465 1488 1499 Herodoto
1505 1464 1595 1499 reci-

138 1509 206 1544 τὸν
223 1507 424 1553 Ἡρόδοτον
440 1508 611 1550 ‘dv-§Unus
635 1510 685 1544 εἰς
703 1509 788 1554 (leg.
808 1512 854 1551 ἐς)
879 1513 994 1543 tatum
1018 1521 1095 1544 esse
1119 1514 1276 1548 statuas,
1301 1515 1341 1544 ut
1357 1511 1542 1544 Lucianus
1558 1510 1595 1543 in

138 1553 340 1600 chzyxa'daj
368 1554 442 1589 τὰς
464 1553 664 1595 Μιλησίων’
695 1554 751 1595 (ΙΙ
770 1554 854 1597 159)
878 1555 1024 1589 [Ketion.
1040 1555 1058 1598 ξ
1075 1557 1105 1588 1.
1121 1556 1142 1589 2
1155 1555 1278 1599 tradit,
1288 1555 1350 1600 qui
1362 1566 1439 1589 rem
1452 1560 1491 1589 ut
1504 1555 1596 1588 solet

139 1600 261 1634 ozize'vc
285 1602 353 1633 οὖν
375 1597 476 1643 ᾤμην
498 1598 688 1643 ἁμάρτημά
709 1613 743 1632 τι
762 1600 852 1632 εἶναι
880 1601 1065 1634 exornavit
1107 1600 1301 1644 verbisque
1346 1600 1595 1645 exaggeravit,

137 1644 493 1691 γραᾳικόι’,Ἰω3νικὸν
507 1643 696 1687 δὲμᾶλλον
710 1644 852 1687 ἰδίωμα,
879 1645 944 1679 sed
960 1649 1102 1697 partem
1125 1646 1325 1690 quandam,
1350 1656 1459 1690 quam
1481 1645 1596 1679 literis

141 1690 256 1724 πολλὰ
273 1691 341 1735 γαρ
361 1691 462 1723 οὗτοι
479 1692 555 1723 τῶν
573 1690 768 1733 ὀνομάτων
779 1694 854 1732 χαί·
880 1694 1132 1736 cons1gnatam
1171 1696 1206 1724 et
1244 1695 1411 1735 paratam
1455 1690 1595 1724 habuit.

138 1749 243 1781 ροτσι
260 1735 428 1776 &druch
446 1738 671 1779 ἐκφέροντες.
881 1736 982 1776 Quae
1001 1736 1070 1769 ista
1084 1747 1168 1780 pars
1182 1736 1304 1778 fuerit,
1321 1747 1448 1770 vereor
1461 1740 1500 1769 ut
1514 1746 1594 1780 pos-

183 1781 240 1814 Ac
256 1791 479 1826 magnopere
498 1780 693 1814 dolendum
711 1784 776 1823 est,
800 1791 853 1814 re·
880 1782 927 1815 sit
950 1781 1195 1826 comprobari,
1221 1793 1427 1826 quanquam
1444 1780 1595 1815 Baehrii

138 1826 326 1860 censiones
340 1830 449 1870 atque
463 1825 735 1860 dissertationes
749 1837 853 1870 quas-

139 1872 223 1905 dam
240 1870 498 1916 grammaticas
514 1871 854 1913 Alexandrinorum,

138 1921 180 1950 ut
213 1916 493 1950 Philemonis
534 1920 569 1949 et
607 1916 853 1950 Alexandri

139 1962 423 2006 Cotyae'nsis,
458 1961 521 2005 qui
543 1961 723 1996 Herodoti
745 1961 853 1995 histo-

138 2007 211 2041 rias
227 2007 300 2041 iam
324 2006 482 2051 antiquis
499 2007 722 2051 temporibus
745 2007 854 2040 libra—

137 2053 272 2086 riorum
295 2056 331 2086 et
351 2052 626 2098 neglegentiam
655 2056 691 2085 et
713 2052 854 2086 temeri-

137 2102 251 2131 tatem
269 2102 446 2142 expeitas,
466 2097 662 2142 diligenter
674 2097 854 2142 corrigere

139 2147 175 2177 et
209 2143 401 2177 emendate
435 2142 594 2176 scribere
627 2143 852 2185 studuerunt,

137 2188 247 2233 plane
269 2188 455 2230 interisse3
485 2198 603 2231 neque
627 2189 674 2222 ad
697 2192 855 2222 nostram

140 2234 363 2268 devenerunt
395 2237 554 2267 aetatem
578 2232 768 2267 Salustii
801 2245 854 2267 so-

138 2278 281 2323 phistae
300 2282 336 2312 et
352 2278 544 2312 Heronis
568 2279 722 2312 rhetoris
740 2278 854 2312 Attici

138 2325 384 2365 υπομνήιιατα
406 2325 451 2364 (v.
478 2322 579 2357 Suid.
604 2335 631 2356 s.
656 2335 689 2357 v.
716 2323 855 2356 Σαλού-

140 2382 236 2404 στιος
259 2372 295 2402 et
305 2366 461 2412 εἨρων),
486 2379 580 2413 quae
603 2368 651 2402 ad
672 2369 854 2402 illustran-

139 2414 223 2447 dam
246 2413 423 2447 Herodoti
451 2414 651 2448 orationem
678 2423 854 2457 usumque

139 2459 286 2493 dicendi
303 2462 486 2504 spectasse
503 2459 687 2503 videntur,
708 2458 854 2493 interie-

139 2509 223 2538 runt
239 2509 430 2549 praeterea
447 2505 482 2538 A
496 2516 519 2549 p
535 2516 554 2538 o
570 2504 640 2538 llo
653 2515 677 2538 n
690 2504 701 2538 i
716 2504 729 2537 i
746 2503 853 2550 (Dys-

139 2550 209 2583 coli
217 2550 247 2593 ’9)
276 2549 507 2595 grammatici
541 2550 717 2595 ἐξηγήσεις
744 2549 851 2594 γλωσ-

140 2598 215 2627 σῶν
227 2594 438 2639 (Ηροδότον,
458 2605 547 2639 quas
562 2594 751 2640 exscripsit
766 2594 854 2640 Ety-

138 2639 303 2685 mologus
331 2652 357 2673 s.
389 2651 420 2673 V.
453 2641 576 2685 κωφός
605 2644 641 2674 et
674 2654 854 2685 ooqrcorrss.

137 2683 345 2730 Perexigua
366 2689 507 2718 tantmn
535 2696 619 2730 pars
647 2684 854 2719 huiusmodi

138 2730 341 2774 glossarum
358 2734 540 2774 superest,
566 2731 741 2774 inscripta
758 2735 852 2773 Ηρο-

881 1827 1087 1860 coniectura
1104 1827 1217 1860 habet
1239 1827 1400 1871 aliquam
1422 1826 1593 1872 probabi-

880 1872 992 1905 litatis
1016 1871 1176 1916 speciem
1199 1872 1408 1915 statuentis,
1432 1871 1596 1905 Herodo-

879 1921 956 1950 tum
978 1922 1120 1961 partem
1143 1917 1190 1950 ad
1219 1917 1315 1950 bella
1338 1917 1488 1951 Persica
1515 1927 1596 1961 spe-

881 1967 1040 1996 ctantem
1059 1961 1211 1996 Graecis
1228 1962 1264 1995 in
1281 1962 1352 1995 illis
1376 1962 1596 1996 solemnibus

880 2007 983 2040 festis
1003 2017 1201 2041 enarrasse,
1229 2007 1308 2047 Quo
1326 2018 1419 2041 anno
1434 2008 1523 2041 haec
1541 2017 1595 2040 rc-

881 2052 1006 2087 citatio
1030 2053 1223 2097 Olympiae
1247 2053 1374 2086 habita
1403 2052 1467 2095 sit,
1498 2056 1596 2086 certo

882 2098 1053 2132 constitui
1070 2098 1129 2130 vix
1146 2097 1279 2131 licet.23

926 2143 969 2176 In
1009 2143 1123 2176 altera
1161 2142 1374 2177 recitatione
1407 2142 1596 2176 Athenis

881 2188 1005 2222 habita
1021 2189 1076 2223 Ol.
1092 2188 1239 2221 LXXX
1253 2188 1276 2222 4
1289 2200 1315 2222 s.
1330 2189 1397 2222 446
1411 2199 1442 2222 a.
1460 2187 1544 2222 Chr.
1559 2199 1594 2221 n.

881 2234 940 2276 (cf.
960 2233 1111 2267 Eusebii
1129 2234 1286 2267 chronic.
1306 2245 1341 2278 p.
1362 2234 1426 2267 169
1445 2238 1479 2267 et
1496 2233 1594 2267 Plut.

883 2283 965 2321 περὶ
990 2280 1138 2319 κηκοηθ.
1164 2283 1235 2321 Ἠρ.
1261 2290 1296 2323 p.
1321 2279 1401 2319 862)
1431 2278 1598 2312 interfuit

882 2323 1119 2368 Thucydides
1137 2323 1362 2366 adulescens,
1381 2323 1411 2357 si
1424 2322 1516 2358 fides
1533 2323 1596 2357 ha-

913 2413 940 2432 *2'2
958 2415 1038 2439 Hanc
1053 2415 1169 2440 Homeri
1192 2416 1281 2440 vitam
1300 2422 1315 2440 a
1335 2415 1418 2440 docto
1433 2418 1464 2440 ut
1483 2416 1597 2440 videtur

880 2450 1062 2480 grammatico
1077 2450 1273 2474 Alexandrino
1295 2451 1485 2481 conscriptam
1499 2450 1597 2475 multis

881 2484 950 2508 locis
965 2483 1142 2508 emendatam
1156 2484 1298 2508 recensuit
1306 2484 1341 2508 A.
1351 2484 1597 2508 Westermann.in

881 2518 932 2541 vit.
948 2518 1044 2548 script.
1061 2516 1160 2543 Graec.
1174 2518 1244 2543 min.
1259 2517 1307 2542 lib.
1322 2518 1345 2542 Ι.
1360 2525 1387 2548 p.
1402 2518 1497 2543 1—20.

913 2549 940 2568 '23
959 2551 1083 2575 Fuerunt
1098 2553 1144 2582 qui
1158 2555 1246 2576 totam
1261 2552 1337 2576 illam
1353 2552 1387 2575 de
1401 2552 1537 2576 Herodoti
1552 2558 1597 2576 re-

881 2586 1015 2609 citatione
1038 2585 1188 2616 Olympica
1214 2587 1404 2610 narrationem
1430 2592 1445 2609 a
1469 2585 1596 2610 Luciam>

880 2619 1029 2643 confictam
1051 2626 1112 2643 esse
1132 2622 1290 2644 statuerent
1309 2619 1483 2651 (Danlmann
1496 2618 1596 2644 Herod.

879 2660 932 2678 aus
945 2654 1045 2678 seinem
1058 2652 1138 2678 Buch
1158 2654 1216 2678 sein
1229 2652 1315 2678 Leben
1328 2660 1356 2684 p.
1370 2654 1434 2681 216,
1455 2653 1533 2677 Mure
1553 2653 1596 2677 hi-

880 2688 954 2718 story
967 2686 999 2718 of
1009 2686 1052 2711 the
1063 2686 1177 2719 Zanyaqe
1187 2694 1228 2719 qr.
1243 2687 1282 2711 IV
1295 2688 1353 2715 267,
1369 2686 1475 2711 Schijll.
1490 2686 1594 2711 Philol.

879 2722 903 2745 X
917 2722 976 2746 410.
990 2722 1061 2749 417),
1083 2728 1201 2752 quorum
1215 2723 1380 2751 argumenta
1393 2720 1597 2751 redarguerunt

880 2754 911 2779 C.
928 2756 971 2779 Fr.
988 2755 1133 2779 Hermann
1147 2755 1182 2779 ad
1195 2755 1265 2778 Luc.
1280 2754 1315 2778 de
1328 2755 1396 2780 hist.
1411 2754 1551 2779 conscrib.
1566 2762 1596 2785 p.

139 2776 249 2809 ὂότου
275 2774 392 2817 λέξεις,
421 2786 513 2820 quae
539 2775 647 2809 nauci
664 2787 734 2809 non
759 2779 851 2809 sunt.
880 2790 988 2818 12-21,
1004 2789 1164 2820 Lahmeyer
1178 2789 1229 2814 1.1.
1244 2795 1271 2820 p.
1287 2789 1313 2812 9.
