1794 3282
235 540 285 566 120

240 2159 290 2185 121

245 2562 294 2588 122

309 247 392 291 288
689 252 1001 288 ΗΡΟΔΟΤΟΥ
1031 253 1073 286 Δ.
1101 252 1292 287 119—122.

308 323 358 381 ἢν
382 323 529 379 μέντοι
549 321 649 378 ἐπίῃ
670 323 741 364 καὶ
762 320 835 364 ἐπὶ
855 320 928 377 τὴν
948 319 1153 377 ἡμετέρην
1179 319 1283 377 ἄρξῃ
1310 337 1356 364 τε
1382 319 1575 374 ἀδικέων,
1603 323 1676 364 καὶ
1716 324 1718 327 ’

309 391 432 448 ηιιεῖς
453 388 793 443 ἀπωσόμεθα.
820 388 944 444 ιιέχρι
960 389 1006 431 δὲ
1020 392 1146 431 τοῦτο
1161 388 1332 442 ι’δωμεν,
1353 393 1555 443 μενέομεν
1570 387 1671 445 παρ’

308 457 409 514 ἡιιῖν
435 455 626 500 αυτοῖσι
664 452 780 538 η’κειν
804 455 885 512 γὰρ
919 456 1121 509 δοκέομεν
1148 452 1224 497 οὖκ
1249 453 1314 497 ἐπ’
1331 453 1465 511 ἡμέας
1489 459 1671 512 Πέρσας,

312 522 400 568 ἀλλ’
418 524 492 568 ἐπὶ
516 522 617 574 τοὺς
644 523 811 574 αἰτίους
835 539 910 579 της
937 520 1105 579 ἀδικίης
1129 521 1405 578 γενομένουςῖ
1458 527 1595 566 ταῦτα
1616 522 1676 574 ὥς

309 591 624 646 ἀπενειχθέντα
639 589 859 633 ἐπύθοντο
876 590 917 633 οἱ
929 590 1114 642 Σκύθαι,
1139 589 1417 644 ἐβουλεύοντο
1439 589 1674 647 ἰθυμαχίην

307 662 384 714 μὲν
414 660 626 716 μηδεμίαν
657 661 896 701 ποιέεσθαι
935 656 978 700 ὲκ
1011 662 1090 701 τοῦ
1129 657 1359 714 ἐμφανέος,
1399 654 1468 701 ὅτι
1505 657 1556 714 δή
1594 673 1676 715 σφι

310 729 434 771 οὗτοί
463 743 510 783 γε
543 726 762 780 σύμμαχοι
795 724 843 768 οὐ
878 730 1206 803 προσεγένοντο,
1248 723 1497 777 ὑπεξιόντες
1528 725 1574 768 δὲ
1604 727 1677 768 καὶ

309 794 667 847 τᾘπεξελαύνοντες
693 792 746 836 τὰ
772 796 959 850 φρέατα,
986 793 1039 836 τὰ
1065 795 1313 849 παρεξίοιεν
1339 790 1475 844 αὐτοί,
1503 794 1574 835 καὶ
1598 791 1677 843 τὰς

309 862 465 919 κρήνας
491 865 683 917 συγχοῦν,
712 860 786 917 τὴν
811 864 942 916 ποίην
966 877 1012 903 τε
1039 860 1082 903 ἐκ
1107 864 1182 917 τῆς
1206 864 1281 917 γῆς
1308 859 1526 917 ἐκτρίβειν,
1556 861 1675 913 διχοῦ

311 933 451 987 σφέας
483 929 709 980 διελόντες.
765 929 837 970 καὶ
869 927 980 985 πρὸς
1010 928 1086 981 μὲν
1116 927 1191 984 τὴν
1220 932 1324 982 μίαν
1360 932 1445 970 τῶν
1474 931 1673 984 μοιρέων,

310 1002 384 1053 τῆς
411 996 633 1052 ἐβασίλευε
655 996 902 1046 Σκώπασις,
931 995 1224 1052 προσχωρέειν
1243 995 1550 1053 Σαυρομάτας·
1576 995 1678 1038 τού-

311 1082 413 1116 τους
437 1065 513 1118 μὲν
541 1063 590 1119 δὴ
617 1062 817 1119 ὑπάγειν,
852 1061 902 1119 ἢν
934 1062 1008 1106 ἐπὶ
1038 1067 1166 1106 τοῦτο
1192 1063 1413 1120 τράπηται
1445 1061 1467 1106 ὃ
1493 1067 1673 1120 Πέρσης,

311 1132 391 1175 ιθυ
430 1132 641 1182 Τανάιδος
672 1134 872 1184 ποταιιοῦ
910 1128 1032 1186 παρὰ
1065 1129 1139 1185 τὴν
1171 1134 1356 1187 Μαιῆτιν
1387 1132 1535 1187 λίιινην
1566 1146 1677 1173 υπο-

312 1200 567 1257 φεύγοντας,
603 1196 922 1249 απελαύνοντός
952 1214 998 1241 τε
1029 1201 1104 1240 τοῦ
1130 1201 1306 1252 Πέρσεω
1339 1197 1543 1249 ἐπιόντας
1575 1198 1678 1240 διῶ-

311 1284 412 1311 κειν.
469 1264 574 1322 αύτη
606 1265 682 1320 μέν
710 1282 791 1322 σφι
815 1270 895 1320 μία
925 1259 973 1321 ἦν
1003 1274 1137 1348 μοῖρα
1167 1269 1241 1321 τῆς
1269 1267 1515 1321 βασιληίης,
1555 1282 1679 1308 τετα-

311 1334 439 1390 γμένη
477 1335 635 1389 ταύτην
671 1332 745 1389 τὴν
777 1331 878 1376 ὁδὸν
909 1330 1020 1388 ἤπερ
1059 1333 1245 1388 εἴρηται·
1282 1331 1359 1383 τὰς
1397 1333 1443 1374 δὲ
1481 1333 1557 1374 δύο
1594 1336 1680 1375 τῶν

310 1404 563 1458 βασιληίων,
596 1401 670 1457 τήν
695 1416 740 1443 τε
765 1400 952 1455 μεγάλην
976 1403 1051 1455 τῆς
1076 1401 1175 1455 ἠρχε
1196 1397 1474 1453 Ἰδάνθυρσος
1503 1401 1576 1442 καὶ
1605 1398 1680 1456 τὴν

311 1473 456 1524 τρίτην
481 1473 556 1524 τῆς
583 1467 805 1522 ἐβασίλευε
830 1467 1022 1518 Τάξακις,
1053 1466 1349 1517 συνελθούσας
1376 1465 1418 1518 ές
1441 1464 1582 1510 τῶυτὸ
1609 1468 1681 1509 καὶ

312 1538 518 1579 Γελωνῶν
556 1552 601 1578 τε
638 1537 709 1577 καὶ
745 1534 965 1577 Βουδίνων
1002 1537 1374 1591 προσγενομένων,
1413 1532 1574 1592 ἡμέρης
1609 1535 1682 1578 καὶ

312 1605 493 1655 τούτους
519 1601 607 1660 ὁδῶ
634 1606 897 1659 προέχοντας
921 1605 1006 1644 τῶν
1032 1605 1233 1657 Περσέων
1258 1599 1500 1658 ὑπεξάγειν,
1528 1600 1681 1646 ὗπιόν-

312 1689 390 1723 τας
415 1688 461 1715 τε
486 1673 557 1714 καὶ
583 1675 816 1721 ποιεῦντας
846 1669 901 1713 τὰ
931 1669 1260 1724 βεβουλευμένα.
1315 1674 1471 1727 πρῶτα
1501 1674 1578 1725 μέν
1608 1687 1680 1713 νυν

312 1739 495 1796 ὑπάγειν
527 1743 665 1795 σφέας
698 1737 775 1781 ἰθὺ
813 1742 899 1780 τῶν
933 1741 1108 1794 χωρέων
1138 1741 1224 1780 τῶν
1257 1735 1570 1792 ἀπειπαμένων
1605 1736 1679 1794 τὴν

315 1811 526 1865 σφετέρην
553 1810 807 1862 συμμαχίην,
841 1805 912 1847 ἵνα
936 1807 1007 1847 καὶ
1032 1805 1212 1856 τούτους
1243 1804 1604 1860 ἐκπολεμώσωσι·
1642 1805 1681 1848 εἰ

315 1877 362 1918 δὲ
386 1874 443 1931 μὴ
471 1874 636 1926 ἑκόντες
660 1890 706 1929 γε
725 1871 945 1916 ὑπέδυσαν
965 1872 1038 1916 τὸν
1059 1874 1250 1927 πόλεμον
1272 1872 1345 1915 τὸν
1366 1872 1477 1930 πρὸς
1495 1876 1677 1928 Πέρσας,

315 1941 403 1985 ἀλλ’
423 1941 626 1993 ἀέκοντας
653 1941 976 1994 ἐκπολεμῶσαι·
1015 1939 1124 1994 μετὰ
1157 1941 1203 1983 δὲ
1235 1945 1361 1983 τοῦτο
1387 1938 1679 1997 ὑποστρέφειν

315 2009 359 2061 ἐς
394 2008 468 2065 τὴν
501 2013 710 2066 σφετέρην
742 2009 812 2050 καὶ
845 2007 1120 2062 ἐπιχειρέειν,
1156 2005 1205 2063 ἢν
1238 2006 1288 2064 δὴ
1324 2009 1680 2062 βουλευομένοισι

316 2078 453 2133 δοκέῃ.

406 2147 548 2187 Ταῦτα
575 2143 617 2186 οἵ
641 2142 813 2186 Σκύθαι
837 2142 1177 2196 βουλευσάμενοι
1203 2140 1461 2198 ὑπηντίαζον
1491 2140 1566 2198 τὴν
1591 2148 1680 2185 Δα-

316 2216 432 2269 ρείου
467 2211 681 2268 στρατιήν,
716 2210 996 2265 προδρόμους
1028 2207 1365 2261 ἀποστείλαντες
1395 2214 1480 2252 τῶν
1508 2209 1680 2252 ἱππέων

315 2278 416 2330 τοὺς
449 2276 664 2334 ἀρίστους.
713 2276 791 2328 τὰς
824 2278 869 2319 δὲ
901 2275 1070 2331 ἁμάξας
1096 2276 1137 2319 ἓν
1161 2281 1262 2334 τῇσί
1287 2293 1368 2334 σφι
1401 2278 1600 2320 διαιτᾶτο
1625 2276 1681 2320 τὰ

315 2361 440 2390 τεκνα
464 2363 510 2389 τε
535 2347 607 2388 καὶ
633 2344 679 2388 αἱ
702 2353 896 2401 γυναῖκες
928 2348 1070 2387 πᾶσαι
1101 2346 1172 2387 καὶ
1204 2343 1258 2387 τὰ
1289 2345 1493 2402 πρόβατα
1523 2345 1679 2397 πάντα,

316 2414 427 2471 πλὴν
454 2411 537 2456 ὅσα
564 2428 645 2470 σφι
671 2411 713 2463 ἒς
734 2411 899 2469 φορβὴν
922 2411 1043 2455 ἱκανὰ
1063 2405 1110 2468 ἧν
1136 2416 1330 2456 τοσαῦτα
1348 2411 1680 2468 ὑπολιπόμενοι,

317 2482 371 2525 τὰ
403 2479 512 2524 ἄλλα
550 2477 640 2534 ἅμα
676 2484 777 2540 τῇσι
815 2477 1006 2536 ἁμάξῃσι
1043 2483 1355 2536 προέπεμψαν,
1396 2479 1684 2535 ἐντειλάμενοι

319 2550 405 2592 αἰεὶ
429 2548 479 2592 τὸ
500 2547 612 2605 πρὸς
630 2551 769 2605 βορέω
793 2547 994 2590 ἐλαύνειν.
1032 2552 1171 2591 ταῦτα
1187 2548 1264 2602 μὲν
1286 2547 1335 2604 δὴ
1357 2549 1680 2605 προεκομίζετο,

317 2621 402 2660 τῶν
442 2617 487 2659 δὲ
517 2619 724 2659 Σκυθέων
763 2615 806 2658 οἱ
842 2615 1091 2670 πρόδρομοι
1129 2613 1187 2666 ῶς
1224 2609 1345 2672 εὗρον
1381 2614 1482 2666 τοὺς
1512 2619 1683 2671 Πέρσας

320 2682 422 2728 ὅσον
447 2700 492 2726 τε
516 2688 648 2741 τριῶν
673 2682 864 2740 ἡμερέων
892 2680 993 2726 ὁδὸν
1020 2680 1261 2736 ἀπέχοντας
1287 2682 1376 2726 ἀπὸ
1408 2687 1486 2726 τοῦ
1502 2683 1680 2738 Ἴστρου,

320 2745 442 2795 οὗτοι
481 2752 557 2805 μὲν
599 2749 780 2802 τούτους
824 2748 1038 2808 εὑρόντες,
1083 2749 1242 2809 ἡμέρης
1285 2749 1373 2807 ὁδῷ
1411 2754 1676 2807 προέχοντες,
