1794 3282
193 703 227 728 60

199 1310 231 1335 61

206 2319 239 2344 62

250 277 332 320 266
651 279 884 316 HPOAOT
897 277 968 312 ΟΥ
992 282 1033 314 Δ.
1062 279 1207 313 59—62.

249 354 514 398 Ποσειδέωνι
539 351 714 393 θύουσι.
771 346 1055 402 οὗνομάζεται
1080 347 1128 390 δὲ
1153 350 1358 390 σκυθιστὶ
1379 346 1504 401 Ἱστίη
1531 347 1606 401 μὲν

254 423 422 475 Ταβιτί,
466 416 572 468 Ζεὺς
609 417 654 459 6&
691 414 918 472 ὀρθότατα
953 414 1062 458 κατὰ
1099 414 1268 470 γνώμην
1309 431 1355 470 γε
1396 415 1469 470 τὴν
1507 412 1608 470 ἐμὴν

249 487 506 541 καλεόμενος
524 492 741 535 Παπαῖος,
769 488 831 539 Γῆ
860 484 905 526 δὲ
920 481 1028 534 ᾏπί,
1051 479 1268 526 Ἀπόλλων
1296 483 1341 524 δὲ
1363 479 1606 536 Οἷτόσυρος,

251 553 426 609 οὗρανίη
455 553 500 595 6&
520 550 749 608 Ἀφροδίτη
767 548 1047 605 Ἀρτίμπασα,
1076 549 1321 592 Ποσειδέων
1348 549 1394 591 6&
1416 555 1610 602 Θαμιμα-

251 622 402 672 σάδας.
446 618 675 676 ἀγάλματα
701 619 747 660 δὲ
771 620 843 660 καὶ
866 616 1042 672 βωμοὺς
1066 619 1139 659 καὶ
1162 615 1288 672 νηοὺς
1313 614 1361 659 οὗ
1388 616 1608 669 νομίζουσι

251 692 416 732 ποιέειν
441 686 551 742 πλὴν
566 684 694 744 Ἄρεϊ·
720 686 860 741 τούτῳ
889 685 934 728 6&
959 685 1194 739 νομίζουσι.
1232 687 1368 740 θυσίη
1396 684 1442 726 δὲ
1461 681 1483 739 ἡ
1507 681 1612 738 αὕτη

250 761 365 800 πᾶσι
400 754 632 810 κατέστηκε
667 756 771 811 περὶ
806 754 951 796 πάντα
986 753 1041 795 τὰ
1079 752 1149 807 ἱρὰ
1187 750 1367 805 ὁμοίως,
1409 749 1612 807 ἐρδομένη

253 819 352 867 ὦδε.
411 822 461 866 τὸ
492 823 569 877 μὲν
602 822 740 879 ἱρήιον
773 820 877 864 αὐτὸ
912 820 1289 874 ἐμπεποδισμένον
1320 817 1419 869 τοὺς
1451 818 1614 874 ἐμπρο-

254 895 412 942 σθίους
442 891 586 941 πόδας
620 890 787 946 ἕστηκε·
826 887 848 932 ὃ
888 889 934 931 6&
970 888 1094 931 θύων
1127 885 1294 930 ὄπισθε
1330 890 1406 929 τοῦ
1443 886 1615 942 κτήνεος

253 957 410 1010 ἑστεὼς
436 958 611 1009 σπάσας
635 957 710 1014 τὴν
743 955 873 1013 ἀρχὴν
903 960 981 999 τοῦ
1014 956 1207 1012 στρόφου
1239 954 1502 1008 καταβάλλει
1526 970 1612 1007 μιν,

253 1029 492 1076 πίπτοντος
519 1026 563 1068 δὲ
588 1030 665 1069 τοῦ
693 1025 832 1082 ἱρηίου
861 1023 1080 1067 ἐπικαλέει
1111 1022 1184 1066 τὸν
1210 1021 1317 1065 θεὸν
1348 1025 1407 1077 τῷ
1434 1018 1484 1063 ἂν
1511 1021 1612 1076 θύῃ,

253 1095 325 1136 καὶ
351 1093 518 1137 ἔπειτεν
541 1094 685 1151 βρόχῳ
713 1094 813 1147 περὶ
841 1086 898 1134 ὦν
925 1091 1050 1146 ἔβαλε
1075 1089 1148 1133 τὸν
1175 1088 1345 1143 αὗχένα,
1382 1089 1616 1131 σκυταλίδα

256 1162 302 1204 δὲ
327 1160 524 1216 ἐμβαλών
550 1160 749 1217 περιάγει
774 1161 845 1201 καὶ
866 1157 1113 1213 ἀποπνίγει,
1144 1156 1241 1200 οὔτε
1262 1161 1348 1211 πῦρ
1371 1154 1616 1206 ἀνακαύσας

256 1227 353 1271 οὔτε
390 1228 708 1284 καταρξάμενος
746 1224 836 1269 οὔτ’
860 1226 1140 1276 ἐπισπείσας·
1180 1223 1426 1276 ἀποπνίξας
1465 1225 1509 1266 6&
1545 1225 1615 1265 καὶ

257 1293 495 1352 ἀποδείρας
519 1295 734 1352 τράπεται
759 1293 870 1349 πρὸς
897 1293 1066 1348 ἕψησιν.
1128 1297 1203 1348 τῆς
1235 1292 1281 1334 δὲ
1305 1296 1380 1347 γῆς
1410 1295 1483 1347 τῆς
1508 1299 1616 1334 Σκυ-

255 1368 384 1419 θικῆς
411 1363 541 1414 αἷνιῦς
567 1360 724 1414 ἀξύλου
759 1361 913 1417 ἐούσης
945 1354 1031 1402 ὦδέ
1063 1375 1144 1416 σφι
1178 1359 1219 1410 ἐς
1244 1358 1318 1414 τὴν
1351 1358 1507 1414 ἕψησιν
1532 1363 1617 1401 τῶν

256 1435 388 1486 κρειῦν
416 1430 649 1485 ἐξεύρηται.
711 1427 843 1471 ἐπεὰν
870 1426 1141 1481 ἀποδείρωσι
1168 1426 1220 1468 τὰ
1248 1426 1382 1483 ἱρήια,
1410 1430 1619 1481 γυμνοῦσι

255 1498 310 1541 τὰ
337 1496 466 1541 ὀστέα
490 1502 575 1540 τιῦν
599 1501 743 1552 κρεῶν,
779 1495 946 1538 ἔπειτεν
972 1494 1249 1549 ἐσβάλλουσι,
1283 1491 1332 1549 ἢν
1357 1494 1432 1547 μὲν
1456 1493 1619 1547 τύχωσι

258 1565 440 1619 ἔχοντες,
470 1564 512 1616 ἐς
537 1566 718 1620 λέβητας
743 1562 1021 1619 ἐπιχωρίους,
1049 1562 1239 1616 μάλιστα
1265 1565 1497 1615 Λεσβίοισι
1521 1578 1621 1618 κρη-

257 1638 383 1690 τῆρσι
398 1631 694 1690 προσικέλους,
715 1633 846 1686 χωρὶς
867 1628 892 1686 ἢ
914 1627 981 1673 ὅτι
997 1632 1147 1686 πολλῷ
1161 1629 1358 1684 μέζονας·
1387 1628 1428 1680 ἐς
1440 1629 1620 1679 τούτους

259 1700 540 1756 ἐσβάλλοντες
561 1700 722 1755 ἕψουσι
741 1697 1024 1749 ὑποκαίοντες
1042 1697 1096 1740 τὰ
1117 1696 1248 1741 ὀστέα
1267 1701 1351 1740 τῶν
1373 1696 1533 1754 ἱρηίων.
1572 1694 1621 1753 ἢν

261 1769 306 1812 δὲ
331 1768 388 1825 μή
416 1784 497 1825 σφι
521 1771 639 1823 παρῇ
666 1766 803 1823 λέβης,
833 1766 874 1810 οἳ
901 1767 946 1809 δὲ
972 1765 1014 1817 ἐς
1038 1765 1116 1817 τὰς
1140 1769 1350 1822 γαστέρας
1370 1769 1454 1807 τῶν
1475 1764 1621 1821 ἱρηίων

261 1836 541 1890 ἐσβάλλοντες
565 1835 620 1878 τὰ
645 1839 747 1892 κρέα
773 1835 916 1878 πάντα
942 1836 1011 1877 καὶ
1033 1835 1354 1891 παραμίξαντες
1372 1829 1489 1888 ὕδωρ
1511 1829 1621 1875 ὕπο-

260 1907 432 1947 καίουσι
451 1902 506 1946 τὰ
526 1901 675 1946 ὀστέα·
700 1901 755 1946 τὰ
776 1903 822 1945 6&
843 1903 1022 1945 αἴθεται
1041 1902 1261 1951 κάλλιστα,
1289 1901 1335 1942 αἱ
1355 1900 1401 1942 δὲ
1419 1903 1622 1956 γαστέρες

258 1974 472 2026 χωρέουσι
498 1969 713 2020 εὐπετέως
737 1969 791 2012 τὰ
815 1973 917 2025 κρέα
943 1968 1193 2024 ἐψιλωμένα
1223 1972 1308 2010 τῶν
1340 1966 1519 2010 ὀστέων·
1550 1968 1622 2008 καὶ

263 2035 376 2080 οὕτω
401 2041 506 2091 βοῦς
529 2053 575 2079 τε
601 2035 759 2079 ἑωυτὸν
786 2035 933 2091 ἐξέψει
957 2039 1026 2078 καὶ
1053 2031 1188 2078 τᾶλλα
1215 2035 1332 2091 ἱρήια
1364 2033 1497 2077 ἑωυτὸ
1526 2033 1621 2076 ἕκα-

264 2120 377 2147 στον.
439 2103 569 2147 ἐπεὰν
596 2105 641 2146 6&
667 2103 817 2160 ἑψηθῇ
844 2102 897 2146 τὰ
922 2103 1035 2159 κρέα,
1065 2102 1086 2147 ὁ
1114 2103 1258 2153 θύσας
1283 2106 1368 2145 τιῦν
1393 2105 1526 2156 κρεῶν
1551 2102 1623 2142 καὶ

261 2176 347 2214 τῶν
384 2172 637 2227 σπλάγχνων
680 2169 983 2227 ἀπαρξάμενος
1020 2172 1166 2228 ῥίπτει
1207 2169 1250 2221 ἐς
1284 2169 1333 2212 τὸ
1377 2169 1619 2225 ἔμπροσθε.

263 2239 427 2282 θύουσι
453 2240 499 2282 6&
524 2241 595 2281 καὶ
619 2234 754 2281 τᾶλλα
779 2239 982 2293 πρόβατα
1007 2240 1079 2280 καὶ
1103 2238 1272 2288 ἵππους
1296 2237 1500 2291 μάλιστα.

353 2312 475 2349 Τοῖσι
509 2308 586 2360 μὲν
625 2305 674 2362 δὴ
714 2304 886 2349 ἄλλοισι
922 2310 1007 2348 τῶν
1045 2309 1162 2348 θεῶν
1201 2302 1313 2348 οὕτω
1354 2305 1516 2347 θύουσι
1552 2306 1625 2346 καὶ

262 2378 399 2417 ταῦτα
423 2378 509 2417 τῶν
532 2377 726 2430 κτηνέων,
760 2378 820 2430 τῷ
848 2374 894 2416 δὲ
914 2371 1023 2429 Ἄρεϊ
1049 2367 1147 2416 ὦδε.
1208 2371 1316 2415 κατὰ
1346 2371 1502 2426 νομοὺς
1529 2370 1625 2414 ἑκά-

265 2458 409 2485 στοισι
435 2441 482 2485 ἐν
507 2446 574 2498 τῷ
601 2440 792 2498 ἇρχηΐῳ
821 2440 1043 2497 ἐσίδρυταί
1068 2457 1149 2497 σφι
1165 2439 1305 2497 ,Ἄρεος
1326 2439 1416 2497 ἱρὸν
1441 2439 1622 2482 τοιόνδε.

264 2509 492 2566 φρυγάνων
518 2509 700 2566 φάκελοι
726 2507 996 2551 συννενέαται
1022 2505 1124 2552 ὅσον
1142 2507 1175 2551 τ’
1194 2508 1268 2552 ἐπὶ
1289 2508 1492 2559 σταδίους
1511 2515 1624 2564 τρεῖς

263 2581 397 2632 μῆκος
421 2579 493 2619 καὶ
518 2570 652 2633 εὖρος,
681 2574 796 2631 ὕψος
823 2577 868 2619 6&
893 2575 1093 2619 ἔλασσον·
1121 2574 1207 2619 ἄνω
1231 2577 1276 2619 δὲ
1294 2576 1450 2619 τούτου
1472 2576 1624 2631 τετρά-

264 2660 398 2699 γωνον
437 2641 599 2687 ἄπεδον
630 2648 888 2700 πεποίηται,
928 2646 999 2686 καὶ
1029 2643 1084 2686 τὰ
1118 2644 1194 2698 μὲν
1224 2647 1323 2700 τρία
1353 2648 1439 2686 τιῦν
1475 2643 1624 2685 κώλων

266 2711 357 2754 ἐστὶ
383 2708 600 2766 ἀπότομα,
628 2710 736 2754 κατὰ
762 2711 808 2754 δὲ
832 2710 881 2755 τὸ
909 2712 949 2754 ’ὲν
975 2710 1197 2766 ἐπιβατόν.
1236 2711 1352 2762 ἔτεος
1373 2712 1418 2754 6&
1441 2710 1620 2754 ἑκάστου

267 2776 435 2833 ἁμάξας
482 2779 743 2836 πεντήκοντα
790 2780 862 2821 καὶ
910 2778 1058 2823 ἑκατὸν
1107 2778 1327 2823 ἐπινέουσι
1375 2779 1622 2835 φρυγάνων·
