1794 3282
488 237 802 272 ΗΡΟΔΟΤΟΥ
832 237 873 273 Λ.
899 237 1045 271 40-44.
1401 228 1450 269 17

1439 305 1450 320 ὶ

95 309 180 354 ὑπὸ
202 311 275 352 σέο
294 306 612 362 μεταγινώσκω,
638 309 817 362 μετίημί
834 309 881 348 τέ
905 322 952 349 σε
969 306 1075 350 ἴέναι
1098 306 1172 350 ἐπὶ
1186 306 1260 363 τὴν
1280 304 1435 363 ἄγρηνῖ

93 379 222 428 εἴπας
243 377 288 419 δὲ
307 379 444 418 ταῦτα
464 372 688 431 ὃΚροῖσος
706 378 1042 429 μεταπέμπεται
1059 374 1134 418 τὸν
1156 372 1453 432 ΦρύγαἌδρη-

90 462 205 497 στον,
228 442 477 499 ἀπικομένῳ
499 443 546 485 δέ
566 443 608 485 οἱ
627 444 738 499 λέγει
752 444 868 486 τάδε.
903 439 1147 499 ί(Ἄδρηστε,
1171 442 1252 499 ἐγώ
1278 460 1325 486 σε
1347 459 1455 498 συμ-

91 517 208 570 φορῇ
225 513 524 568 πεπληγμένον
551 508 735 568 ἀχάριτι,
762 511 836 568 τήν
849 527 917 554 τοι
933 508 1008 554 οὗκ
1023 509 1229 564 ὀνειδίζω,
1259 510 1456 569 ἐκάθηρα

90 583 164 624 καὶ
190 580 368 623 οἰκίοισι
393 576 715 633 ὑποδεξάμενος
736 579 828 632 ἔχω,
858 582 1058 636 παρέχων
1077 584 1225 622 πᾶσαν
1245 580 1454 635 δαπάνην.

91 653 164 692 νῦν
191 642 261 700 ὦν,
296 645 488 704 ὀφείλεις
518 645 597 703 γὰρ
625 647 725 701 ἐμεῦ
758 647 1114 703 προποιήσαντος
1141 646 1305 703 χρηστὰ
1339 647 1380 699 ἐς
1407 649 1456 691 σὲ

89 719 318 774 χρηστοῖσί
347 732 400 769 με
433 713 718 769 ἀμείβεσθαι,
754 715 944 771 φύλακον
976 716 1137 766 παιδός
1169 731 1215 758 σε
1240 719 1317 758 τοῦ
1350 715 1456 770 ἐμοῦ

89 784 249 840 χρηίζω
275 786 483 839 γενέσθαι
509 781 551 832 ἐς
577 780 706 838 ἄγρην
734 780 1010 837 ὁρλιιεομένου,
1037 782 1095 838 μή
1116 799 1228 832 τινες
1247 780 1334 825 κατ’
1354 781 1455 826 ὁδὸν

93 854 263 901 κλῶπες
292 849 555 906 [κακοῦργοι]
591 849 665 892 ἐπὶ
697 850 849 905 δηλήσι
880 853 1075 906 φανέωσι
1105 847 1218 903 ὑμῖν.
1268 849 1380 906 πρὸς
1411 851 1456 892 δὲ

92 919 232 974 τούτῳ
258 919 328 959 καὶ
356 920 405 959 σέ
428 933 497 959 τοι
525 916 661 971 χρεών
692 916 785 959 ἐστι
817 917 926 960 ἰέναι
958 916 1067 959 ἔνθα
1093 915 1458 972 ἀπολαμπρυνέαι

93 995 208 1030 τοῖσι
229 984 413 1041 ἔργοισι·
438 984 663 1040 πατρώιόν
680 1001 727 1027 τε
745 984 826 1040 γάρ
846 989 916 1027 τοί
937 984 1110 1028 ἐστικαὶ
1131 988 1312 1040 προσέτι
1334 985 1455 1041 ῥώμη

94 1050 319 1110 ὗπάρχει.”
361 1049 588 1106 ἀμείβεται
613 1050 635 1095 5
657 1049 884 1108 Ἄδρηστος
905 1047 975 1094 “cg
998 1054 1192 1107 βασιλεῦ,
1221 1049 1362 1103 ἄλλως
1382 1054 1456 1107 μὲν

95 1121 226 1177 ἔγωγε
252 1117 302 1162 ἂν
329 1117 405 1162 οὐκ
429 1118 505 1176 ἤια
530 1119 573 1170 ἐς
598 1117 760 1162 ἄεθλον
789 1120 973 1163 τοιόνδε·
1013 1119 1111 1164 οὔτε
1141 1120 1221 1177 γὰρ
1255 1125 1457 1178 συμφορῇ

94 1188 241 1245 τοιῇδε
265 1190 516 1243 κεχρημένον
543 1187 660 1238 οἶκός
686 1187 778 1230 ἐστι
805 1187 847 1238 ἐς
874 1185 1080 1245 ὁμήλικας
1112 1183 1157 1231 εὖ
1183 1189 1458 1245 πρήσσοντας

96 1257 224 1308 ἰέναι,
265 1253 362 1297 οὕτε
392 1253 442 1298 τὸ
473 1255 718 1310 βούλεσθαι
755 1256 894 1313 πάρα,
934 1257 1129 1312 πολλαχῇ
1165 1273 1212 1299 τε
1250 1254 1300 1298 ἂν
1338 1257 1458 1309 ἴσχον

95 1323 324 1378 ἐμεωυτόν.
373 1327 444 1365 νῦν
471 1323 534 1374 δέ,
575 1321 718 1366 ἐπείτε
745 1322 795 1366 σὺ
824 1323 1027 1374 σπεύδεις
1051 1326 1122 1365 καὶ
1155 1324 1223 1366 δεῖ
1244 1340 1313 1367 τοι
1336 1329 1460 1381 χαρί-

97 1392 254 1444 ζεσθαι
286 1389 468 1447 (ὀφείλω
499 1390 580 1447 γάρ
614 1406 661 1433 σε
693 1389 961 1446 ἀμείβεσθαι
987 1393 1252 1448 χρηστοῖσι),
1292 1395 1459 1435 ποιέειν

95 1459 186 1513 εἰμὶ
205 1457 378 1512 ἑτοῖμος
396 1462 544 1510 ταῦτα,
573 1458 714 1501 παῖδά
733 1475 779 1501 τε
800 1458 887 1510 σόν,
915 1457 989 1501 τὸν
1005 1459 1271 1502 διακελεύεαι
1291 1460 1460 1515 φυλάσ-

98 1543 206 1578 σειν,
247 1524 453 1582 ἀπήμονα
489 1530 565 1569 τοῦ
604 1526 902 1583 φυλάσσοντος
940 1527 1094 1569 εἵνεκεν
1129 1527 1356 1581 προσδόκα
1391 1544 1461 1569 τοι

96 1590 451 1649 ἀπονοστήσειν.”
491 1594 732 1637 τοιούτοισι
758 1593 902 1637 ἐπείτε
930 1587 1056 1644 οὗτος
1083 1592 1305 1649 ἀμείψατο
1327 1601 1458 1651 Κροῖ-

97 1678 192 1713 σον,
231 1658 360 1718 ἤισαν
390 1659 500 1714 μετὰ
532 1665 669 1703 ταῦτα
701 1660 974 1718 ἐξηρτυμένοι
1006 1662 1160 1717 λογάσι
1195 1679 1241 1705 τε
1271 1667 1461 1719 νεηνίῃσι

97 1731 167 1772 καὶ
193 1732 303 1771 κυσί,
354 1726 614 1782 ἀπικόμενοι
640 1729 685 1771 δὲ
711 1728 753 1780 ἐς
777 1728 851 1772 τὸν
879 1728 1108 1783 Οὔλυμπον
1137 1728 1187 1772 τὸ
1215 1723 1342 1786 οὖρος
1368 1729 1461 1785 ἐζή-

96 1813 193 1840 τεον
217 1794 267 1839 τὸ
294 1799 464 1852 θηρίον,
494 1794 689 1850 εὑρόντες
716 1797 762 1839 δὲ
787 1799 858 1839 καὶ
883 1797 1167 1851 περιστάντες
1193 1795 1297 1840 αὐτὸ
1319 1797 1457 1853 κύκλῳ

97 1864 381 1920 ἐσηκόντιζον.
444 1862 553 1906 ἔνθα
580 1863 629 1919 δὴ
663 1862 685 1906 5
719 1866 872 1915 ξεῖνος,
914 1859 1041 1915 οὗτος
1074 1864 1123 1921 δι’]
1158 1863 1180 1908 5
1212 1867 1462 1920 καθαρθεὶς

95 1932 171 1975 τὸν
197 1931 342 1989 φόνον,
370 1931 627 1985 καλεόμενος
647 1932 693 1974 δὲ
706 1929 945 1988 Ἄδρηστος,
975 1931 1204 1985 ἀκοντίζων
1223 1932 1297 1975 τὸν
1318 1927 1365 1975 ὗν
1384 1937 1460 1975 τοῦ

98 2000 173 2055 μὲν
199 1997 455 2055 ἁμαρτάνει,
489 1999 687 2054 τυγχάνει
713 2000 760 2042 δὲ
784 2004 862 2042 τοῦ
888 2004 1078 2054 Κροίσου
1105 2001 1280 2051 παιδός.
1337 1998 1359 2043 5
1384 2001 1461 2055 μὲν

99 2067 149 2124 δὴ
181 2068 364 2123 βληθεὶς
394 2071 444 2123 τῇ
477 2067 607 2124 αἰχμῇ
640 2066 847 2124 ἐξέπλησε
879 2073 955 2110 τοῦ
989 2066 1155 2125 ὀνείρου
1187 2067 1263 2125 τὴν
1300 2069 1458 2125 φήμην,

99 2135 201 2178 ἔθεε
227 2135 274 2178 δέ
296 2150 363 2185 τις
389 2132 599 2190 ἀγγελέων
624 2140 685 2192 τῷ
704 2139 879 2192 Κροίσῳ
905 2134 954 2178 τὸ
982 2137 1166 2192 γεγονός,
1197 2134 1461 2191 ἀπικόμενος

99 2203 146 2245 δὲ
171 2201 214 2254 ἐς
238 2200 316 2253 τὰς
334 2202 496 2258 Σάρδις
520 2203 594 2259 τήν
619 2220 665 2245 τε
689 2204 826 2259 μάχην
846 2205 918 2246 καὶ
942 2203 1017 2247 τὸν
1042 2209 1119 2247 τοῦ
1140 2203 1301 2255 παιδὸς
1325 2205 1461 2261 μόρον

99 2270 283 2328 ἐσήμηνέ
308 2270 361 2313 οἷ.
418 2268 440 2313 5
469 2271 514 2313 δὲ
538 2278 726 2327 Κροῖσος
755 2276 816 2328 τῷ
848 2272 1029 2328 θανάτῳ
1062 2276 1138 2315 τοῦ
1171 2271 1333 2322 παιδὸς
1364 2288 1461 2316 συν-

99 2341 412 2395 τεταραγμένος
435 2339 599 2393 μᾶλλόν
624 2357 666 2381 τι
692 2339 1004 2395 ἐδεινολογέετο
1038 2336 1107 2382 ὅτι
1138 2358 1211 2394 μιν
1238 2338 1461 2382 ἀπέκτεινε

101 2405 173 2447 τὸν
199 2402 329 2455 αὐτὸς
354 2405 491 2461 φόνου
519 2405 721 2463 ἐκάθηρε.
765 2411 1084 2463 περιημεκτέων
1111 2408 1156 2450 δὲ
1181 2412 1231 2463 τῇ
1259 2412 1460 2464 συμφορῇ

101 2475 253 2523 δεινῶς
279 2471 423 2515 ἐκάλεε
447 2474 523 2527 μὲν
549 2477 633 2516 Δία
657 2474 915 2530 καθάρσιον,
948 2475 1271 2531 μαρτυρόμενος
1295 2473 1349 2517 τὰ
1373 2474 1460 2518 ὑπὸ

99 2545 177 2583 τοῦ
204 2542 340 2592 ξείνου
367 2539 610 2591 πεπονθώς
636 2541 713 2597 εἴη,
742 2541 886 2584 ἐκάλεε
907 2543 952 2584 δὲ
973 2542 1170 2585 ἐπίστιόν
1189 2559 1235 2585 τε
1253 2544 1324 2584 καὶ
1346 2542 1462 2585 ἑται-

100 2608 233 2664 ρήιον,
270 2606 362 2664 [τὸν
388 2605 517 2650 αὐτὸν
541 2612 693 2651 τοῦτον
726 2606 972 2663 οὖνολιιάζων
1005 2609 1128 2666 θεόν]
1162 2609 1235 2653 τὸν
1265 2609 1462 2664 μὲνέπί-

101 2691 222 2718 στιον
246 2676 420 2726 καλέων,
456 2675 571 2718 διότι
597 2675 646 2732 δὴ
675 2676 853 2719 οἰκίοισι
878 2675 1198 2732 ὑποδεξάμενος
1228 2677 1301 2720 τὸν
1328 2680 1462 2730 ξεῖνον

103 2746 239 2800 φονέα
257 2747 334 2785 τοῦ
355 2742 516 2795 παιδὸς
537 2743 748 2787 ἐλάνθανε
769 2745 951 2799 βόσκων,
980 2745 1053 2789 τὸν
1075 2746 1120 2789 δὲ
1146 2745 1374 2802 ἑταιρήιον,
1404 2745 1464 2797 (ὃς

173 2810 302 2837 Herodoti
320 2811 367 2836 vol.
383 2811 409 2837 I.
1192 2813 1214 2836 ⁶)

1194 2835 1212 2846 u

1479 387 1509 413 41

1481 1067 1513 1090 42

1482 1608 1520 1632 43

1486 2285 1517 2310 44
